listing_creator,listing_id,asset_contract,token_id,buyer,quantity_bought,total_price_paid,gas_price,gas_used,block_number,timestamp,transaction_hash,event_type
0x529F71B8285ECbabF59359e9284E98AD05e683E7,76974,0xbc2d6E7c81E7f35473b3594031FCC4c519fD24Ad,1,0x64f7c019021ac74a68d90d08491ca43b2a632e71,1,15200000000000000000,50086758,161354,4955690,1743046131,0x9b48434747c3b1516ec173dd5cc68d2d8677960c8763bdb3aaa0b365b74b960a,NewSale
0xae3eD39da68fcC1dCF0a3fCe7F049198EAA962eE,76972,0xbc2d6E7c81E7f35473b3594031FCC4c519fD24Ad,0,0x80fe121b69163e17bd4e9cc573652e29e48fa4ae,1,19800000000000000000,49864207,165066,4955700,1743046151,0xe006aca259335021ee09345ee6279ef792a6b8b1cab7dc16e9d8d0ad11b81bfd,NewSale
0x529F71B8285ECbabF59359e9284E98AD05e683E7,76974,0xbc2d6E7c81E7f35473b3594031FCC4c519fD24Ad,1,0x64f7c019021ac74a68d90d08491ca43b2a632e71,1,15200000000000000000,49623576,161354,4955710,1743046171,0x56c82311366073cf61eddce221528f6203627fdb8f5357c44c023f30e1386206,NewSale
0xae3eD39da68fcC1dCF0a3fCe7F049198EAA962eE,76972,0xbc2d6E7c81E7f35473b3594031FCC4c519fD24Ad,0,0x80fe121b69163e17bd4e9cc573652e29e48fa4ae,1,19800000000000000000,49623916,165066,4955713,1743046177,0x15f34419be4003d20908792883d1f1595887149972665dd589c01a55dd99fb50,NewSale
0xae3eD39da68fcC1dCF0a3fCe7F049198EAA962eE,76972,0xbc2d6E7c81E7f35473b3594031FCC4c519fD24Ad,0,0x80fe121b69163e17bd4e9cc573652e29e48fa4ae,1,19800000000000000000,49421523,158655,4955721,1743046193,0x51560670ea8113e84969dd1f96fe3ba3b6fcaa7878656d902ebf899e12943ce0,NewSale
0x529F71B8285ECbabF59359e9284E98AD05e683E7,76974,0xbc2d6E7c81E7f35473b3594031FCC4c519fD24Ad,1,0x64f7c019021ac74a68d90d08491ca43b2a632e71,1,15200000000000000000,49187626,161354,4955731,1743046213,0x5973b8b74da20cecbea2726619486ebbe25a51ef6635e15fcc023154425f5347,NewSale
0x529F71B8285ECbabF59359e9284E98AD05e683E7,76974,0xbc2d6E7c81E7f35473b3594031FCC4c519fD24Ad,1,0x80fe121b69163e17bd4e9cc573652e29e48fa4ae,1,15200000000000000000,49256283,165054,4955733,1743046217,0xc25629c3ae8df3032f79f673873dccf0ab19ed201564c9ce89b42db82daeab88,NewSale
0xF26061d55bdd2B6905d1f94590846ff677a44FaC,76942,0xbc2d6E7c81E7f35473b3594031FCC4c519fD24Ad,0,0x8577879b11672266f25fa1c7b674bd2cf4a35ec1,1,240000000000000,49168276,135766,4955736,1743046223,0xc9e0dfc8fbb36adb0e5870a839ed05e37603417d4c619b905037af483e1e95a3,NewSale
0x529F71B8285ECbabF59359e9284E98AD05e683E7,76974,0xbc2d6E7c81E7f35473b3594031FCC4c519fD24Ad,1,0x64f7c019021ac74a68d90d08491ca43b2a632e71,1,15200000000000000000,48693060,161354,4955751,1743046253,0x908b2afbcdc6d4ef745a766bbac5b96ac2b02d6b8ba6d1a1e5a2adc85344a873,NewSale
0x17c2576Bd9dAE6F1242f174449fc61205B4e6874,76913,0xbc2d6E7c81E7f35473b3594031FCC4c519fD24Ad,0,0x758a1e3e12ef6c74d77b4320ea4ef017ad5a4fc4,1,240000000000000,48035588,135766,4955767,1743046285,0xabca81b64da9f5eae3deccd6924935f08ddc5705bd24453b210dc0f5b7ed0c53,NewSale
0x529F71B8285ECbabF59359e9284E98AD05e683E7,76974,0xbc2d6E7c81E7f35473b3594031FCC4c519fD24Ad,1,0x64f7c019021ac74a68d90d08491ca43b2a632e71,1,15200000000000000000,48153338,161354,4955771,1743046293,0x1db3e9c56f4b1e36587d2443b11347c676817ce33d631017bc51e3e84ae69d41,NewSale
0xDa694609B59823b76a7077c8A306838ADfD3A19f,76971,0xbc2d6E7c81E7f35473b3594031FCC4c519fD24Ad,1,0x8577879b11672266f25fa1c7b674bd2cf4a35ec1,1,239000000000000,48447247,135778,4955778,1743046307,0xb068a68f5ec6aaaec11209ebe2ef70c3ee8e4a9828053ad0ec895135a53b463e,NewSale
0x529F71B8285ECbabF59359e9284E98AD05e683E7,76974,0xbc2d6E7c81E7f35473b3594031FCC4c519fD24Ad,1,0x64f7c019021ac74a68d90d08491ca43b2a632e71,1,15200000000000000000,49365247,161354,4955791,1743046333,0xd427dd1a06ce26c9c5678e1907492667b547075b1ab5e1df82ff622840156e74,NewSale
0xC0DEc165A5d6e6766Fbc35c977f89535899D0411,74893,0xbc2d6E7c81E7f35473b3594031FCC4c519fD24Ad,0,0x8577879b11672266f25fa1c7b674bd2cf4a35ec1,1,249999990000000,51233387,142201,4955825,1743046401,0x41625887a19dfa67f643ddbe907f2bdf66a488f7176b884b8561047cb526ad47,NewSale
0x417ceFC39a19dEec882C26147a58b4a513ef6D38,76966,0xbc2d6E7c81E7f35473b3594031FCC4c519fD24Ad,0,0x8f791c0592db171d84167d10baa70fd6dd26705c,1,240000000000000,58530000,135766,4955883,1743046517,0x25ed87bc636d4a983fdfbfdb54c7c0584a263fed4858b9aca71afeb61e267a0e,NewSale
0x5aFB1cCB5F2308b8D6e3ADd591bFF4E75974A41F,76982,0xbc2d6E7c81E7f35473b3594031FCC4c519fD24Ad,0,0x8577879b11672266f25fa1c7b674bd2cf4a35ec1,1,200000000000000,55056482,140578,4955892,1743046535,0x634a5481ff86d7eda4445eaa860022090cade17ef17bcc4425f0ac987e735c14,NewSale
0xF5c9A59D7Fb3B0A749dF1f9C279d1c174C53a7C9,76967,0xbc2d6E7c81E7f35473b3594031FCC4c519fD24Ad,1,0xd863e7b2feabc6912769d5a90340fc6761dba68b,1,239000000000000,57282977,152878,4955929,1743046609,0x3bdb54e8c6e0f1f53fb006810a7bfda017922aee8c50a21879ed8b9f9069bea2,NewSale
0x529F71B8285ECbabF59359e9284E98AD05e683E7,76974,0xbc2d6E7c81E7f35473b3594031FCC4c519fD24Ad,1,0x64f7c019021ac74a68d90d08491ca43b2a632e71,1,15200000000000000000,57689203,161354,4955975,1743046701,0x8795f0fb26f4e8c8123bbc0035cca0be77732cc7989fb015e231aa4e90241d97,NewSale
0x529F71B8285ECbabF59359e9284E98AD05e683E7,76974,0xbc2d6E7c81E7f35473b3594031FCC4c519fD24Ad,1,0x64f7c019021ac74a68d90d08491ca43b2a632e71,1,15200000000000000000,60005674,161354,4955995,1743046741,0x533aa640c635323b71953aa6b4fcb14a8e2d881e5aa207596c644bac9dc08aef,NewSale
0x5aFB1cCB5F2308b8D6e3ADd591bFF4E75974A41F,76984,0xbc2d6E7c81E7f35473b3594031FCC4c519fD24Ad,0,0xd863e7b2feabc6912769d5a90340fc6761dba68b,1,200000000000000,60560729,140578,4956012,1743046775,0x4982939378a3226d270a59cffdd994418aee1c828277b4e029d1bd19f99974ef,NewSale
0x529F71B8285ECbabF59359e9284E98AD05e683E7,76974,0xbc2d6E7c81E7f35473b3594031FCC4c519fD24Ad,1,0x64f7c019021ac74a68d90d08491ca43b2a632e71,1,15200000000000000000,60479736,161354,4956015,1743046781,0x730511db4da2bb6fb572c89af97fed777aaba69f8f93d22d67e79a784d37f198,NewSale
0x529F71B8285ECbabF59359e9284E98AD05e683E7,76974,0xbc2d6E7c81E7f35473b3594031FCC4c519fD24Ad,1,0x64f7c019021ac74a68d90d08491ca43b2a632e71,1,15200000000000000000,62039384,161354,4956036,1743046823,0x4c6b76ae5d46dc329c68681286fd44a2a9f3939931416d68523e2c750bd33ae2,NewSale
0x529F71B8285ECbabF59359e9284E98AD05e683E7,76974,0xbc2d6E7c81E7f35473b3594031FCC4c519fD24Ad,1,0x64f7c019021ac74a68d90d08491ca43b2a632e71,1,15200000000000000000,63262761,161354,4956056,1743046863,0x9abcc0f219d4a107da4d3507d523327c85c0f7209ea80c5bfe18de55ada80332,NewSale
0x529F71B8285ECbabF59359e9284E98AD05e683E7,76974,0xbc2d6E7c81E7f35473b3594031FCC4c519fD24Ad,1,0x64f7c019021ac74a68d90d08491ca43b2a632e71,1,15200000000000000000,64217527,161354,4956077,1743046905,0x3ebc2c4cbfab92cc4721655277ece6b933dfb30846e2dd7ed6dc50bbf4a16a26,NewSale
0x529F71B8285ECbabF59359e9284E98AD05e683E7,76974,0xbc2d6E7c81E7f35473b3594031FCC4c519fD24Ad,1,0x64f7c019021ac74a68d90d08491ca43b2a632e71,1,15200000000000000000,64585160,161354,4956097,1743046945,0xe336de0e87fd9315c1669a6758a7f4c8d01867311a6329ddbca1864f65eb4da6,NewSale
0x161324631C0Fa0Af5de534E43BEB1DE3Ba90128a,76993,0xbc2d6E7c81E7f35473b3594031FCC4c519fD24Ad,0,0xa925650e051423e3811400a9479d3e8d56f9a4fa,1,1000000000000000000,65420000,180531,4956113,1743046977,0x6ee322fea8566d90bb3d57ccc798f1e1f97792fcfa5bc495b5348e228ac7504a,NewSale
0x529F71B8285ECbabF59359e9284E98AD05e683E7,76974,0xbc2d6E7c81E7f35473b3594031FCC4c519fD24Ad,1,0x64f7c019021ac74a68d90d08491ca43b2a632e71,1,15200000000000000000,65783760,154943,4956117,1743046985,0xe3b32e30528cfcf226985939b21cd6a28f300e2a67f5a107f8aaa5dbae29bf77,NewSale
0x64f7C019021aC74A68D90D08491Ca43b2a632E71,76997,0xbc2d6E7c81E7f35473b3594031FCC4c519fD24Ad,1,0x529f71b8285ecbabf59359e9284e98ad05e683e7,1,15300000000000000000,63978233,178454,4956208,1743047167,0xcc0d18a605068084986af4c646a641403df6ab303019529ded2a7df7ed0246ef,NewSale
0x5aFB1cCB5F2308b8D6e3ADd591bFF4E75974A41F,76987,0xbc2d6E7c81E7f35473b3594031FCC4c519fD24Ad,0,0x9a8a11025df3f8424dbda33cd1e046abe9abb809,1,200000000000000,64020000,140578,4956228,1743047207,0xeb6f7b64a00979e6d5549fe32f1c0ef2afd243923303d606aaf310b02da7b2d6,NewSale
0x64f7C019021aC74A68D90D08491Ca43b2a632E71,76997,0xbc2d6E7c81E7f35473b3594031FCC4c519fD24Ad,1,0x529f71b8285ecbabf59359e9284e98ad05e683e7,1,15300000000000000000,63547873,161354,4956228,1743047207,0xf1bd1eb525310c6070388e75ee6a2a2d70f4394fdd18d783eec7a6d5577ac5ba,NewSale
0x5C5aa6B8Db076757baD008C7AeCCF87e5C66A7A3,77003,0xbc2d6E7c81E7f35473b3594031FCC4c519fD24Ad,0,0x9a8a11025df3f8424dbda33cd1e046abe9abb809,1,170000000000000,62960000,140578,4956244,1743047239,0xdd22333b380b80054ac09f02ae4ab1b977ed4a064539f8aa003079ede0226566,NewSale
0x64f7C019021aC74A68D90D08491Ca43b2a632E71,76997,0xbc2d6E7c81E7f35473b3594031FCC4c519fD24Ad,1,0x529f71b8285ecbabf59359e9284e98ad05e683e7,1,15300000000000000000,62603889,161354,4956248,1743047247,0x409d906d5a2163759de233a50e0620e4b29a9cee8c86981f12b2e31fe248ed46,NewSale
0x5aFB1cCB5F2308b8D6e3ADd591bFF4E75974A41F,76988,0xbc2d6E7c81E7f35473b3594031FCC4c519fD24Ad,0,0x9a8a11025df3f8424dbda33cd1e046abe9abb809,1,200000000000000,62480000,135778,4956262,1743047275,0xe796099903f7f90098943760f46df18a0d5679d84e83b17b39d5b92eda3f86ab,NewSale
0x64f7C019021aC74A68D90D08491Ca43b2a632E71,76997,0xbc2d6E7c81E7f35473b3594031FCC4c519fD24Ad,1,0x529f71b8285ecbabf59359e9284e98ad05e683e7,1,15300000000000000000,62470535,161354,4956269,1743047289,0xc194c83295bb7b15f5a492e936f4607beb1366f4c737a7eb296cba08c1b716a1,NewSale
0x64f7C019021aC74A68D90D08491Ca43b2a632E71,76997,0xbc2d6E7c81E7f35473b3594031FCC4c519fD24Ad,1,0x529f71b8285ecbabf59359e9284e98ad05e683e7,1,15300000000000000000,62282708,161354,4956289,1743047329,0x7fc813e43af4a139984f3bc22cd848ec434ac621fc219bb94784dbd6a66b2433,NewSale
0x12A24E93f92fbeACEF5A681C72CBb5e38936047C,76994,0xbc2d6E7c81E7f35473b3594031FCC4c519fD24Ad,1,0x6a836dadb1515a6035675fddb8a1bc527ca4722f,1,239000000000000,61827935,152878,4956307,1743047365,0x49b2ddb8699985a39fefbe68c8c9acd25a4d6cf0af06132c06dc028c1bc8c6be,NewSale
0x64f7C019021aC74A68D90D08491Ca43b2a632E71,76997,0xbc2d6E7c81E7f35473b3594031FCC4c519fD24Ad,1,0x529f71b8285ecbabf59359e9284e98ad05e683e7,1,15300000000000000000,61735412,161354,4956309,1743047369,0x43aba0e13f06e0704bb58601cbbc0b5f245f9e5d30080a93dec3f279f1f6125c,NewSale
0x2065b7a05102C48A44CB985a1E1f466ac9cEE08C,75191,0xbc2d6E7c81E7f35473b3594031FCC4c519fD24Ad,0,0x8577879b11672266f25fa1c7b674bd2cf4a35ec1,1,275000000000000,61431843,140578,4956318,1743047387,0x8e11f962e5a19e6d75263962d1b33d371e750145e5f48816f4b10d585c71a4f2,NewSale
0x64f7C019021aC74A68D90D08491Ca43b2a632E71,76997,0xbc2d6E7c81E7f35473b3594031FCC4c519fD24Ad,1,0x529f71b8285ecbabf59359e9284e98ad05e683e7,1,15300000000000000000,60849031,161354,4956330,1743047411,0x3713df40bdb80e790a79a03abf3a107509aa8bb0c8929c0fa7e042e05d60d55d,NewSale
0x64f7C019021aC74A68D90D08491Ca43b2a632E71,76997,0xbc2d6E7c81E7f35473b3594031FCC4c519fD24Ad,1,0x529f71b8285ecbabf59359e9284e98ad05e683e7,1,15300000000000000000,60358276,161354,4956350,1743047451,0x90b8b96ab8817ba91d7001b84c7590a474f39b7f7752ad95aac2dbb56c5fa0b8,NewSale
0x64f7C019021aC74A68D90D08491Ca43b2a632E71,76997,0xbc2d6E7c81E7f35473b3594031FCC4c519fD24Ad,1,0x529f71b8285ecbabf59359e9284e98ad05e683e7,1,15300000000000000000,61341715,161354,4956370,1743047491,0x63b2a812ffd609450ded3de8fd5e2d67a3aa008d7734f88ce5869fbbd5048c77,NewSale
0x64f7C019021aC74A68D90D08491Ca43b2a632E71,76997,0xbc2d6E7c81E7f35473b3594031FCC4c519fD24Ad,1,0x529f71b8285ecbabf59359e9284e98ad05e683e7,1,15300000000000000000,62420728,161354,4956390,1743047531,0x6ec2d301512508e42203ffb3cd47f8ff415755aaa0afba8a80654ed33b55e18a,NewSale
0x64f7C019021aC74A68D90D08491Ca43b2a632E71,76997,0xbc2d6E7c81E7f35473b3594031FCC4c519fD24Ad,1,0x529f71b8285ecbabf59359e9284e98ad05e683e7,1,15300000000000000000,63095010,161354,4956410,1743047571,0x5a5c0dc65d8d2cbd2a29d2ec012cadc8b8bd58a649c163ff15734b978d859c0d,NewSale
0x64f7C019021aC74A68D90D08491Ca43b2a632E71,76997,0xbc2d6E7c81E7f35473b3594031FCC4c519fD24Ad,1,0x529f71b8285ecbabf59359e9284e98ad05e683e7,1,15300000000000000000,62872971,161354,4956430,1743047611,0x83bc5fc6e4e9cf376c99cc46a08ba7b09907160ffa7e97c80b53c4a3b575e410,NewSale
0x64f7C019021aC74A68D90D08491Ca43b2a632E71,76997,0xbc2d6E7c81E7f35473b3594031FCC4c519fD24Ad,1,0x529f71b8285ecbabf59359e9284e98ad05e683e7,1,15300000000000000000,64727849,161354,4956452,1743047655,0x7d556c359a4b368750c2f4186bf53647cbd29718d0b0b01acdaac8bd8c378a15,NewSale
0x5C5aa6B8Db076757baD008C7AeCCF87e5C66A7A3,77011,0xbc2d6E7c81E7f35473b3594031FCC4c519fD24Ad,0,0x287bf6ef4cd02e1a086c59cf52c0671507ee68ce,1,170000000000000,64430000,157678,4956454,1743047659,0xd575d0f80ed57ae00f554d751d6f44d1047a80d146538cd03570fdbf2aa38f62,NewSale
0x64f7C019021aC74A68D90D08491Ca43b2a632E71,76997,0xbc2d6E7c81E7f35473b3594031FCC4c519fD24Ad,1,0x529f71b8285ecbabf59359e9284e98ad05e683e7,1,15300000000000000000,65301386,161354,4956472,1743047695,0xef1aec4121b1219b7db77c427807eba9ef58c223ca8295fce98e300352386a8a,NewSale
0x64f7C019021aC74A68D90D08491Ca43b2a632E71,76997,0xbc2d6E7c81E7f35473b3594031FCC4c519fD24Ad,1,0x529f71b8285ecbabf59359e9284e98ad05e683e7,1,15300000000000000000,66640178,161354,4956492,1743047735,0x9318afccc482b80810160d44e38cdb8304ba34d9774af51bb9c55dda539d8fb9,NewSale
0x9A8a11025df3F8424DbDa33cd1E046aBE9ABB809,77019,0x7e5F161dd824d98AC3474eBf550716d0cb83E8C6,0,0xd4357cf9b5466fe61778baa2c463fcfba84cce19,1,490000000000000,66530000,167283,4956497,1743047745,0x58138dc07bf01b61a6dbb48cc941108ce057a0eb5f806f1c5c802d0c477fdd62,NewSale
0x64f7C019021aC74A68D90D08491Ca43b2a632E71,76997,0xbc2d6E7c81E7f35473b3594031FCC4c519fD24Ad,1,0x529f71b8285ecbabf59359e9284e98ad05e683e7,1,15300000000000000000,67065787,161354,4956513,1743047777,0x4bc73242f4c880058555acba7591deac74f7bae1d7f5a1f2ea525532037a605b,NewSale
0x5C5aa6B8Db076757baD008C7AeCCF87e5C66A7A3,77016,0xbc2d6E7c81E7f35473b3594031FCC4c519fD24Ad,0,0xd4357cf9b5466fe61778baa2c463fcfba84cce19,1,170000000000000,67140000,140578,4956524,1743047799,0xddd5e32f29da6a5cfd89d1ebfbbbeaed3267941822a5a1c51afec4ccbebd3609,NewSale
0x5C5aa6B8Db076757baD008C7AeCCF87e5C66A7A3,77014,0xbc2d6E7c81E7f35473b3594031FCC4c519fD24Ad,0,0x5c4d0e2c333851d98e0386b26d7252e46a6bdcd7,1,170000000000000,62951704,157678,4956616,1743047983,0xe7d24eed03bd7afc0de230ee63b7458899a401b5736987919e68be4744b5b073,NewSale
0x2e205ebEa4B8e1d6Cdf8B808053780f76a0531Ca,76928,0xbc2d6E7c81E7f35473b3594031FCC4c519fD24Ad,1,0x676b0cebe86600d0a453bde2dc3e2b10f11680a7,1,239970000000000,62743791,589178,4956624,1743047999,0x5282d91be279292690259081fc59d279fb36312cd74676b6eb2136b2585d102d,NewSale
0x230bFf75310590b1Ac4B5Fd4fb34A7cee8282Ea9,71414,0x6aD26D68bFf8cAD6bAaeA257832854e58B08150E,3,0xa5505b597185eb4db0280fdfec039cb8bea4ad55,1,600000000000000,62691399,164783,4956625,1743048001,0x784106fc30dddee10434d4bdc0d5129901579e684b17dab6ab4c9f5ef7b4a6c7,NewSale
0x41f07238C5096Eb7eb68c50FE8AE5AdDECBBF5C2,71512,0xbFCACb23F0B41EeEDFf7d04f52CE8f5125150806,6,0xa5505b597185eb4db0280fdfec039cb8bea4ad55,1,500000000000000,59891399,164783,4956667,1743048085,0x62e0fb2e8a6b746ae1f8b49286359c81cb2541bec05ccc0cd4c2f2a27729f29f,NewSale
0x64f7C019021aC74A68D90D08491Ca43b2a632E71,76997,0xbc2d6E7c81E7f35473b3594031FCC4c519fD24Ad,1,0x529f71b8285ecbabf59359e9284e98ad05e683e7,1,15300000000000000000,57736703,159743,4956706,1743048163,0xf0f87979a735b415385a078884238be37b4146c6b2df809945a4a9cc6cdfd862,NewSale
0x1bbB6F7669F8e35a4FBb71999550f06bA67020bD,77015,0xdc0F91C5a4D200FfC21658901c77c0fE1A14d199,0,0xce7ccdac7113aa71dd5d236773759305164f3b00,1,400000000000000,57487185,145359,4956712,1743048175,0x82cb644d4a74e345dbe5d1532a329c6b9d9ae3915de18fda22a41df2d60677f3,NewSale
0x5C5aa6B8Db076757baD008C7AeCCF87e5C66A7A3,77024,0xbc2d6E7c81E7f35473b3594031FCC4c519fD24Ad,0,0xce7ccdac7113aa71dd5d236773759305164f3b00,1,170000000000000,55192142,140566,4956757,1743048265,0x10a4adcf8f1d69afbb0beb9e0ba4adf1200ae603be9003cb9baf281997732eb4,NewSale
0x287Bf6eF4CD02e1a086c59Cf52c0671507EE68cE,77031,0xbc2d6E7c81E7f35473b3594031FCC4c519fD24Ad,0,0xce7ccdac7113aa71dd5d236773759305164f3b00,1,100000000000000,54116549,135766,4956778,1743048307,0x6007dbddd63092142ab5fd86c54d6e3ed07e91cef53e24ad499e0ce13eb3fffe,NewSale
0x5C5aa6B8Db076757baD008C7AeCCF87e5C66A7A3,77022,0xbc2d6E7c81E7f35473b3594031FCC4c519fD24Ad,0,0x607a70e94c612ba045cf48b0f8e241a611f574d7,1,170000000000000,54840000,140578,4956786,1743048323,0xf12f2b1cc661a8dedc2d1c0759b019bd20a49168c41cfd3297c2d9140ec88ef0,NewSale
0xeb418E53EFcDc351137C9A81c70967b8D7063f4C,77023,0x7e5F161dd824d98AC3474eBf550716d0cb83E8C6,2,0xbaa9672503be4067ccc6ebb08bee52af3e0b3b4c,1,410000000000000,47097123,164783,4956924,1743048599,0x98ae7e4b795a155880bc6ab92202ec402f749a6a58ce960b52d2d917ee4ca421,NewSale
0xC0DEc165A5d6e6766Fbc35c977f89535899D0411,74261,0xbc2d6E7c81E7f35473b3594031FCC4c519fD24Ad,0,0x6d481ad0e47510897bdc5826778a4b6a9895e35d,1,287500000000000,47240000,142201,4956974,1743048699,0x44315694cdd6898278770f0daebe63ba7f80859fb6f607ec91334f4ff81be350,NewSale
0xcE7cCdaC7113AA71DD5d236773759305164f3B00,77038,0xbc2d6E7c81E7f35473b3594031FCC4c519fD24Ad,0,0x2b82ca6a02f169674e78304a9c2fc9adadd6a535,1,11100000000000,44977926,140578,4956988,1743048727,0xdc4fb6fda224cab4abaafcb33d8e4c4a4802af04198b3090cd0ec9080fec43aa,NewSale
0xC0DEc165A5d6e6766Fbc35c977f89535899D0411,74261,0xbc2d6E7c81E7f35473b3594031FCC4c519fD24Ad,0,0x6d481ad0e47510897bdc5826778a4b6a9895e35d,1,287500000000000,44730000,142201,4957002,1743048755,0xae16e678fbc00934419234197085f4cefc80c07acd79215c5570da25e8320a73,NewSale
0xcE7cCdaC7113AA71DD5d236773759305164f3B00,77037,0xbc2d6E7c81E7f35473b3594031FCC4c519fD24Ad,0,0x2b82ca6a02f169674e78304a9c2fc9adadd6a535,1,111000000000000,44588221,140578,4957005,1743048761,0x7ee9346dba88a5ca5b256012dd41f07fb87b18f3ce618fc779f20cc180ad6163,NewSale
0x9A8a11025df3F8424DbDa33cd1E046aBE9ABB809,77027,0xbc2d6E7c81E7f35473b3594031FCC4c519fD24Ad,0,0x2b82ca6a02f169674e78304a9c2fc9adadd6a535,1,170000000000000,43995015,140578,4957018,1743048787,0x12de85de68dee5c7f88004c28eb001943e3383b89802d728817a8bafd17234d8,NewSale
0x9A8a11025df3F8424DbDa33cd1E046aBE9ABB809,77028,0xbc2d6E7c81E7f35473b3594031FCC4c519fD24Ad,0,0x2b82ca6a02f169674e78304a9c2fc9adadd6a535,1,170000000000000,43320080,140578,4957032,1743048815,0x605f41d4fc489a91f1d77f92ab8d42d1c83f57036a974be1304895deb232df0e,NewSale
0xa5505b597185EB4db0280fDfec039cb8bEa4ad55,77036,0xbc2d6E7c81E7f35473b3594031FCC4c519fD24Ad,0,0xf762bebc0f26e6887ecd98f88ae1d103789e7e7f,1,510000000000000,42958243,142201,4957044,1743048839,0x5f181e17627ff7ef4fab2941ce252cc08fefdcc58a9f93840bf66968510657b9,NewSale
0x9A8a11025df3F8424DbDa33cd1E046aBE9ABB809,77033,0xbc2d6E7c81E7f35473b3594031FCC4c519fD24Ad,0,0x2b82ca6a02f169674e78304a9c2fc9adadd6a535,1,190000000000000,42970115,140578,4957045,1743048841,0xaa94d9267aaa85bc0daaaad8bc23db1d3dfd97e3f5a64c55b1d3e3da5cecbc71,NewSale
0x5C4D0E2C333851d98E0386B26d7252E46a6bdCD7,75620,0xbc2d6E7c81E7f35473b3594031FCC4c519fD24Ad,0,0x2b82ca6a02f169674e78304a9c2fc9adadd6a535,1,200000000000000,42287319,135778,4957059,1743048869,0x6d016a6a53a2dc6a38dd7db3dd23452a5703e6258b400ccbb3da553fc228e471,NewSale
0xC0DEc165A5d6e6766Fbc35c977f89535899D0411,74261,0xbc2d6E7c81E7f35473b3594031FCC4c519fD24Ad,0,0x6d481ad0e47510897bdc5826778a4b6a9895e35d,1,287500000000000,42600000,142201,4957061,1743048873,0x9886ac23fc0334720a4d0d59baf7eddec0ec2c75564c6dfd074f79660031a932,NewSale
0x5C5aa6B8Db076757baD008C7AeCCF87e5C66A7A3,77013,0xbc2d6E7c81E7f35473b3594031FCC4c519fD24Ad,0,0x2b82ca6a02f169674e78304a9c2fc9adadd6a535,1,200000000000000,41873361,140578,4957073,1743048897,0x008f89889cd29a5f12b1511798fc54ef3619816a7bd3acc7676e8134593fda43,NewSale
0xC0DEc165A5d6e6766Fbc35c977f89535899D0411,74261,0xbc2d6E7c81E7f35473b3594031FCC4c519fD24Ad,0,0x6d481ad0e47510897bdc5826778a4b6a9895e35d,1,287500000000000,41700000,142201,4957086,1743048923,0x268b61facd413fbe03bed003f2ecabefd804e862d589ad08033164a2748957ce,NewSale
0x5C5aa6B8Db076757baD008C7AeCCF87e5C66A7A3,77021,0xbc2d6E7c81E7f35473b3594031FCC4c519fD24Ad,0,0x2b82ca6a02f169674e78304a9c2fc9adadd6a535,1,200000000000000,41344991,135778,4957086,1743048923,0x90597346fc5426667d20a1bec9d13da5c9364ee8dc3effa2c7f120d5a7054dec,NewSale
0x9A8a11025df3F8424DbDa33cd1E046aBE9ABB809,77029,0xbc2d6E7c81E7f35473b3594031FCC4c519fD24Ad,0,0x2b82ca6a02f169674e78304a9c2fc9adadd6a535,1,200000000000000,40996928,140578,4957102,1743048955,0x06fce38c140626d9d6e7fd0fb100893af6a330a48acf9d08ee56b845757c8363,NewSale
0xC0DEc165A5d6e6766Fbc35c977f89535899D0411,74261,0xbc2d6E7c81E7f35473b3594031FCC4c519fD24Ad,0,0x6d481ad0e47510897bdc5826778a4b6a9895e35d,1,287500000000000,40110000,142201,4957132,1743049015,0x6acd682aa7b17f4e735ca0e5d0e851aac521f319017c02febf3697364ee6b0d1,NewSale
0x76BE9A174827fB91E6f1E19011d38e08227A6da2,77005,0x02e21A25F0038fa5BDEe9c0b77aC0c1E84d3d6f0,2024,0x7f2ce0b4991b5d345a3e8d1fd75318c1ddbe8d6d,1,375000000000000,40060000,155258,4957135,1743049021,0xb4d805ed9cbae2595595c7dba5cd0f608d9396c2067abc2c95761e8e08ace24f,NewSale
0x9A8a11025df3F8424DbDa33cd1E046aBE9ABB809,77030,0xbc2d6E7c81E7f35473b3594031FCC4c519fD24Ad,0,0x2b82ca6a02f169674e78304a9c2fc9adadd6a535,1,200000000000000,39398037,135778,4957141,1743049033,0x3367b94004c4a5dfff84a0d17c21bf7f2d92cd27754cf7992b9e6cd0a4651dd9,NewSale
0xC0DEc165A5d6e6766Fbc35c977f89535899D0411,74261,0xbc2d6E7c81E7f35473b3594031FCC4c519fD24Ad,0,0x6d481ad0e47510897bdc5826778a4b6a9895e35d,1,287500000000000,39500000,142201,4957151,1743049053,0x57e9c4368ad744742973c679b0f50689f30bc2adfc50f7d59ef67829abc6a5cb,NewSale
0x7b05A99eb6cDD7070dc3C9af676539e0ecE4Bef9,76938,0xbc2d6E7c81E7f35473b3594031FCC4c519fD24Ad,0,0x53ce4abf8f24dac99550400eecf7bdaa0b5ed9ce,1,240000000000000,38021113,140566,4957200,1743049151,0xb6a332a589d2b290102d8a6b8652bbd9bdc0af9efc7c7527185e5c59777f310a,NewSale
0x2065b7a05102C48A44CB985a1E1f466ac9cEE08C,75197,0xbc2d6E7c81E7f35473b3594031FCC4c519fD24Ad,0,0x7f2ce0b4991b5d345a3e8d1fd75318c1ddbe8d6d,1,275000000000000,38150000,140578,4957205,1743049161,0x9ea8e5cac2b11f35a4762258f7beacc3f8c0d8ae492e5d11ea490d8eb9c1c98f,NewSale
0xC0DEc165A5d6e6766Fbc35c977f89535899D0411,74786,0xbc2d6E7c81E7f35473b3594031FCC4c519fD24Ad,0,0xf762bebc0f26e6887ecd98f88ae1d103789e7e7f,1,265000000000000,37809963,142189,4957211,1743049173,0x6c47ad0673f0734ba4defa47ab7aef1f4eef12bcc7a8b7d4504979280da9899d,NewSale
0x529F71B8285ECbabF59359e9284E98AD05e683E7,77032,0xbc2d6E7c81E7f35473b3594031FCC4c519fD24Ad,1,0x22299fe03b40201eedf10102ae6bf46b26ca818d,1,15470000000000000000,37970000,182154,4957219,1743049189,0x2bc05cd6dfa1d50d8950a471a0e3c47b5dc4e7606e3f0e56b6eedcda4d558f01,NewSale
0x2cead88a5F41bA0673361FFb8cdA7F80C3Ae3B91,76930,0xbc2d6E7c81E7f35473b3594031FCC4c519fD24Ad,0,0x53ce4abf8f24dac99550400eecf7bdaa0b5ed9ce,1,240000000000000,37719483,135766,4957222,1743049195,0x38a662edf3b6c60cd55b0745673e95b12ac3edbd02235f820300def72d586195,NewSale
0xeb418E53EFcDc351137C9A81c70967b8D7063f4C,77025,0x7e5F161dd824d98AC3474eBf550716d0cb83E8C6,0,0xfed71021ae86c9da2e4508ac44fdf610f24886e0,1,500000000000000,37425751,164783,4957227,1743049205,0xa05b0e69a0ea2c16d80222724669bafb715e45e0cab9f5e8221a9ea4adcfe526,NewSale
0x14f140CC4BBFd692148F3ef407fec128659f9EDb,76960,0xbc2d6E7c81E7f35473b3594031FCC4c519fD24Ad,0,0x53ce4abf8f24dac99550400eecf7bdaa0b5ed9ce,1,240000000000000,36925948,135766,4957247,1743049245,0xe8642752b443726afdd6d6c80633e9feb0ae3a417c340b917b323a9335fa8906,NewSale
0x078186E081320E5491c49598997Cc5ea39180667,76924,0xdc0F91C5a4D200FfC21658901c77c0fE1A14d199,0,0x03b9765c0b7425fc0869b1c4497e35ace2bbdd17,1,500000000000000,36743177,150183,4957248,1743049247,0x7b4f1169540521219c46b1293c5536e9224721436718d07aea5157b25b847b0a,NewSale
0x2e205ebEa4B8e1d6Cdf8B808053780f76a0531Ca,76928,0xbc2d6E7c81E7f35473b3594031FCC4c519fD24Ad,1,0x7f2ce0b4991b5d345a3e8d1fd75318c1ddbe8d6d,1,239970000000000,36780000,159289,4957258,1743049267,0xd152ee5570598e5d4c3dca7f06f9dfb5f5973666653a988e95eb0ea1dbe67679,NewSale
0x7b05A99eb6cDD7070dc3C9af676539e0ecE4Bef9,76936,0xbc2d6E7c81E7f35473b3594031FCC4c519fD24Ad,0,0x53ce4abf8f24dac99550400eecf7bdaa0b5ed9ce,1,240000000000000,36252892,140566,4957266,1743049283,0x2d2962729046649c7acdb5055e5851e88a9bbcd82d1db638a50bbc75fb591ef0,NewSale
0xbAa9672503be4067CCc6eBB08BEe52af3e0b3b4C,77044,0x2Bf46D4497e98FbA2304B0d2453922FFf559Ea02,74,0x287bf6ef4cd02e1a086c59cf52c0671507ee68ce,1,750000000000000,36520000,164783,4957268,1743049287,0xe69f7055e9d0c31723625b44214257ee8fc5e1247e44bb3b408861c62838f067,NewSale
0x2065b7a05102C48A44CB985a1E1f466ac9cEE08C,75175,0xbc2d6E7c81E7f35473b3594031FCC4c519fD24Ad,0,0x7f2ce0b4991b5d345a3e8d1fd75318c1ddbe8d6d,1,275000000000000,35940000,140578,4957282,1743049315,0x02298b4a7c91283eaff1788993d380e51e991b1016485162ed9f8d9872c26b39,NewSale
0x3952C373d9c287B6DAD64Bb58D0b63f891dDb9b9,77077,0xbc2d6E7c81E7f35473b3594031FCC4c519fD24Ad,0,0x53ce4abf8f24dac99550400eecf7bdaa0b5ed9ce,1,240000000000000,35565411,135766,4957285,1743049321,0x11b5fd6640ad10a2da96ef5b12dffc50361d4a45e6e3e38e115ee129a18ce1bf,NewSale
0x60b9f661668eB117973f8074098265A35A1A35ee,76952,0xbc2d6E7c81E7f35473b3594031FCC4c519fD24Ad,0,0x53ce4abf8f24dac99550400eecf7bdaa0b5ed9ce,1,240000000000000,35131325,135766,4957304,1743049359,0x325a8735d8be34abd295eb3df639189f6c17be7f480b8c749bba017b8cfc4bc1,NewSale
0x20FF49293d772efDc8639341F7e868859C187B9d,75562,0xbc2d6E7c81E7f35473b3594031FCC4c519fD24Ad,0,0xf762bebc0f26e6887ecd98f88ae1d103789e7e7f,1,280000000000000,35146804,140578,4957306,1743049363,0x023bda07949d15f8632acbf23e523c190baa2f528c34544e853b8e500562d316,NewSale
0x4A7Cc8ADb43c669dE2eCae7317Be7f19B9ABda55,75256,0xbc2d6E7c81E7f35473b3594031FCC4c519fD24Ad,1,0x7f2ce0b4991b5d345a3e8d1fd75318c1ddbe8d6d,1,280000000000000,34870000,135778,4957322,1743049395,0x06eee5a38904b0f5abaabe6311429eb7b64ebe4be4238631c23025466dd96ceb,NewSale
0xC0DEc165A5d6e6766Fbc35c977f89535899D0411,74779,0xbc2d6E7c81E7f35473b3594031FCC4c519fD24Ad,0,0x53ce4abf8f24dac99550400eecf7bdaa0b5ed9ce,1,269999990000000,34502821,142201,4957327,1743049405,0x8c83f9715a75853eb06e44acb42c93c995cd7a38ff81c7ef9406270354bda1c8,NewSale
0xEa9355Bc05FB6a8ab05e9bd3B89F793b02405Aa1,76639,0x02e21A25F0038fa5BDEe9c0b77aC0c1E84d3d6f0,1441,0x7f2ce0b4991b5d345a3e8d1fd75318c1ddbe8d6d,1,380000000000000,34090000,138158,4957348,1743049447,0xb97f0d0857e4aab6646a24312f5827bd678d7209ad3b8646c3d1b929d5deb31d,NewSale
0x916C0439fD3863C3b9A0124dB639386B7cf9966a,74450,0xbc2d6E7c81E7f35473b3594031FCC4c519fD24Ad,0,0x7f2ce0b4991b5d345a3e8d1fd75318c1ddbe8d6d,1,286000000000000,33890000,140590,4957351,1743049453,0x1d3fad17a922f88bddba208efda0a21aa465aa3f5908e56644f8bb47dadec682,NewSale
0xC0DEc165A5d6e6766Fbc35c977f89535899D0411,74550,0xbc2d6E7c81E7f35473b3594031FCC4c519fD24Ad,0,0x7f2ce0b4991b5d345a3e8d1fd75318c1ddbe8d6d,1,279999990000000,32930000,142201,4957384,1743049519,0xfa2b47dc14a83dc7ee3faf0558a101fc25bb8713770c196fe38ccfcd005ef730,NewSale
0x2065b7a05102C48A44CB985a1E1f466ac9cEE08C,75208,0xbc2d6E7c81E7f35473b3594031FCC4c519fD24Ad,0,0xf762bebc0f26e6887ecd98f88ae1d103789e7e7f,1,275000000000000,32551173,140578,4957409,1743049569,0xc01a2ea8ef896b7c40bd2ed813651cbde1bb6ad63b5f0da369464158beff9fb2,NewSale
0x2e205ebEa4B8e1d6Cdf8B808053780f76a0531Ca,76928,0xbc2d6E7c81E7f35473b3594031FCC4c519fD24Ad,1,0x7f2ce0b4991b5d345a3e8d1fd75318c1ddbe8d6d,1,239970000000000,32540000,142189,4957422,1743049595,0x086bf3279533dc120d13e1f881f5da4b442191532333d50778826fe79a867113,NewSale
0x607a70E94c612bA045cf48B0F8E241A611f574D7,77075,0xbc2d6E7c81E7f35473b3594031FCC4c519fD24Ad,0,0xfed71021ae86c9da2e4508ac44fdf610f24886e0,1,500000000000000,32451189,142201,4957429,1743049609,0x55531bcb6a85386bfc82e0223f494812f70987aefd294a4ffec6573f6eb3e6ac,NewSale
0x4324d85d7B5436c95E5F4CbdCc90B8c1ae6CAffa,77000,0x02e21A25F0038fa5BDEe9c0b77aC0c1E84d3d6f0,2016,0x20683b7398f3e5cad97fe6317d85e8ac2fd7f124,1,375000000000000,31440000,155258,4957489,1743049729,0xce000a1b4388e5447673d95e8c60c519486705a710e5abaa6f51ad806cf9f6fd,NewSale
0x607a70E94c612bA045cf48B0F8E241A611f574D7,77075,0xbc2d6E7c81E7f35473b3594031FCC4c519fD24Ad,0,0xe6e6aa53d5ee2fb8d77f8f93fc9e470cb7538824,1,500000000000000,31191742,142201,4957496,1743049743,0x2a4420e035fa73e75ec2c93bfb09fe4dfc7163e53678ce4bf62a4293c6a75c03,NewSale
0x89C2c4956519a57E8AC007A5f11C7abC7f17359E,76949,0xbc2d6E7c81E7f35473b3594031FCC4c519fD24Ad,0,0xf762bebc0f26e6887ecd98f88ae1d103789e7e7f,1,240000000000000,30775696,135766,4957512,1743049775,0xe13ff8c1fbbd17733e2f3d5b3a8f633a3a2791b32fb2e8122ae513bbbb0c3f02,NewSale
0x607a70E94c612bA045cf48B0F8E241A611f574D7,77075,0xbc2d6E7c81E7f35473b3594031FCC4c519fD24Ad,0,0xfed71021ae86c9da2e4508ac44fdf610f24886e0,1,500000000000000,30684802,142201,4957519,1743049789,0x6253195fed941b1fc89bef06894ec3379c1ce901e55197f8e60b6444df1eb923,NewSale
0x2e205ebEa4B8e1d6Cdf8B808053780f76a0531Ca,76928,0xbc2d6E7c81E7f35473b3594031FCC4c519fD24Ad,1,0x46dd290a71146f23c4891e644b85b1bd78370f4b,1,239970000000000,29700009,159289,4957550,1743049851,0x34c4c6c06de573dfd181d4b771664a5e5dcf9123ff0c16e67c80f165dc8a8856,NewSale
0x2e205ebEa4B8e1d6Cdf8B808053780f76a0531Ca,76928,0xbc2d6E7c81E7f35473b3594031FCC4c519fD24Ad,1,0xf762bebc0f26e6887ecd98f88ae1d103789e7e7f,1,239970000000000,28755161,159289,4957596,1743049943,0x293627f165aa535cba1468ba04ef39affccfcfdd0ae9b5487b2c95bf2dd53176,NewSale
0x88150954C4eD68924f045E6797B24A99495F4850,71866,0xEB255E4669Da7FeEf1F746a5a778b4e08b65a1A7,0,0xcbc8bb3cd671c35a885a90bfa036f747db7cc897,1,34500000000000000000,28497307,169830,4957609,1743049969,0x9b7a09c2238bb27a064fa6e6c426a176005f141f59db2533bdb134977e76c75a,NewSale
0x529F71B8285ECbabF59359e9284E98AD05e683E7,77032,0xbc2d6E7c81E7f35473b3594031FCC4c519fD24Ad,1,0x64f7c019021ac74a68d90d08491ca43b2a632e71,1,15470000000000000000,28159703,161354,4957624,1743049999,0xf7857d1ea150cc54ea1f07dd123d84856579094f858b71419c92f2b91df2a2c9,NewSale
0x2e205ebEa4B8e1d6Cdf8B808053780f76a0531Ca,76928,0xbc2d6E7c81E7f35473b3594031FCC4c519fD24Ad,1,0x46dd290a71146f23c4891e644b85b1bd78370f4b,1,239970000000000,28051376,142189,4957632,1743050015,0x673124ed2eb175157fd1f1230d98a6360d8d69b7e97fc88a117329aae40a15a5,NewSale
0x529F71B8285ECbabF59359e9284E98AD05e683E7,77032,0xbc2d6E7c81E7f35473b3594031FCC4c519fD24Ad,1,0x64f7c019021ac74a68d90d08491ca43b2a632e71,1,15470000000000000000,27955342,161354,4957644,1743050039,0xe7c5336c2535f8f6e39e1ed96bd965187501586489d4618a93f9a2408e2fe557,NewSale
0x529F71B8285ECbabF59359e9284E98AD05e683E7,77032,0xbc2d6E7c81E7f35473b3594031FCC4c519fD24Ad,1,0x64f7c019021ac74a68d90d08491ca43b2a632e71,1,15470000000000000000,27605975,161354,4957664,1743050079,0xbdf8a67a5bf3c1327b77f5088030751f0090ea459d387f4c2d783e5428f9a7de,NewSale
0xAD21DfcED742721138EF56D40B0d931648754fBD,77156,0xbc2d6E7c81E7f35473b3594031FCC4c519fD24Ad,1,0xf762bebc0f26e6887ecd98f88ae1d103789e7e7f,1,249000000000000,27681972,135778,4957667,1743050085,0x8671b9b2b35aa5ed75d354127ef24dac8cc2495b969d212dbdc7edb36a71c093,NewSale
0xAC7CDE501EC1C20Ffc82F27483b2C4fbC5f8a466,54298,0xEB255E4669Da7FeEf1F746a5a778b4e08b65a1A7,0,0xcbc8bb3cd671c35a885a90bfa036f747db7cc897,1,40000000000000000000,27658587,165018,4957669,1743050089,0xde603cb606e156f808114c75769f5ddf81cc10bb2fe9e9a2d467fe77227c398f,NewSale
0x529F71B8285ECbabF59359e9284E98AD05e683E7,77032,0xbc2d6E7c81E7f35473b3594031FCC4c519fD24Ad,1,0x64f7c019021ac74a68d90d08491ca43b2a632e71,1,15470000000000000000,27493433,161354,4957684,1743050119,0xa81d8e648acfee5a7a6e622ee674d2349c646905ec7904da3252d9f1e02e4a50,NewSale
0x2e205ebEa4B8e1d6Cdf8B808053780f76a0531Ca,76928,0xbc2d6E7c81E7f35473b3594031FCC4c519fD24Ad,1,0x46dd290a71146f23c4891e644b85b1bd78370f4b,1,239970000000000,27328430,142189,4957700,1743050151,0x7ca6670361803cb8ef631df94c1160fdf5b48c75522be423d59a684dad1eab6b,NewSale
0x529F71B8285ECbabF59359e9284E98AD05e683E7,77032,0xbc2d6E7c81E7f35473b3594031FCC4c519fD24Ad,1,0x64f7c019021ac74a68d90d08491ca43b2a632e71,1,15470000000000000000,27339072,161354,4957704,1743050159,0xc4b74d034c787904ad5254108f66290a53788d1b49079af75f8fbd948e1eb06e,NewSale
0x2e205ebEa4B8e1d6Cdf8B808053780f76a0531Ca,76928,0xbc2d6E7c81E7f35473b3594031FCC4c519fD24Ad,1,0x46dd290a71146f23c4891e644b85b1bd78370f4b,1,239970000000000,27586369,142189,4957719,1743050189,0xcee5efe6f000f8d9857043fcaa370571862079fcc205e2ef52392abffdc22f26,NewSale
0x529F71B8285ECbabF59359e9284E98AD05e683E7,77032,0xbc2d6E7c81E7f35473b3594031FCC4c519fD24Ad,1,0x64f7c019021ac74a68d90d08491ca43b2a632e71,1,15470000000000000000,27431298,161354,4957724,1743050199,0xfd848d817c436f0b58b9e670e5f2de37e5bef0d7221336c18e41253d180b6e48,NewSale
0x529F71B8285ECbabF59359e9284E98AD05e683E7,77032,0xbc2d6E7c81E7f35473b3594031FCC4c519fD24Ad,1,0x64f7c019021ac74a68d90d08491ca43b2a632e71,1,15470000000000000000,27196064,161354,4957744,1743050239,0x8cbc13609ba8af185953c1dc6f6d082789a643a6fad1655a355f19a2eb7783d4,NewSale
0xC0DEc165A5d6e6766Fbc35c977f89535899D0411,74779,0xbc2d6E7c81E7f35473b3594031FCC4c519fD24Ad,0,0x07c5f232655349a44284f152c63ca4991e016242,1,269999990000000,27179326,159301,4957746,1743050243,0x5bfecded7acae8f43f7b9602d6a9963b319df8d980107de4ad47d56c805d4e8d,NewSale
0xC0DEc165A5d6e6766Fbc35c977f89535899D0411,74779,0xbc2d6E7c81E7f35473b3594031FCC4c519fD24Ad,0,0x07c5f232655349a44284f152c63ca4991e016242,1,269999990000000,26969308,142201,4957763,1743050277,0xace8983e7b8c568ebe1da7a153c71b93d39f34141d33a0aa14ccb4a59b8b1ed2,NewSale
0x529F71B8285ECbabF59359e9284E98AD05e683E7,77032,0xbc2d6E7c81E7f35473b3594031FCC4c519fD24Ad,1,0x64f7c019021ac74a68d90d08491ca43b2a632e71,1,15470000000000000000,26934424,161354,4957765,1743050281,0xdf60e1f4450d769d4e27bcf92dea1abe4baa52ace6eb39b7a47a2f009feddac0,NewSale
0x529F71B8285ECbabF59359e9284E98AD05e683E7,77032,0xbc2d6E7c81E7f35473b3594031FCC4c519fD24Ad,1,0x64f7c019021ac74a68d90d08491ca43b2a632e71,1,15470000000000000000,26685810,161354,4957785,1743050321,0xf051ee94e52f29b9ce8066af99e04a77ffc6ee579f0ca5cee7f8127ae2a9a5ce,NewSale
0x529F71B8285ECbabF59359e9284E98AD05e683E7,77032,0xbc2d6E7c81E7f35473b3594031FCC4c519fD24Ad,1,0x64f7c019021ac74a68d90d08491ca43b2a632e71,1,15470000000000000000,26343344,161354,4957805,1743050361,0x5337674d1c13f7a7d3d8abc8332b587753a24efcdb02cb8fc5988cea88bede9b,NewSale
0x529F71B8285ECbabF59359e9284E98AD05e683E7,77032,0xbc2d6E7c81E7f35473b3594031FCC4c519fD24Ad,1,0x64f7c019021ac74a68d90d08491ca43b2a632e71,1,15470000000000000000,26152962,161354,4957825,1743050401,0xdd9962e06483c5ec81b8a4b2dcf139b6ae5e919aa2a9c9739fdc05c1d320977f,NewSale
0x529F71B8285ECbabF59359e9284E98AD05e683E7,77032,0xbc2d6E7c81E7f35473b3594031FCC4c519fD24Ad,1,0x64f7c019021ac74a68d90d08491ca43b2a632e71,1,15470000000000000000,26457128,161354,4957845,1743050441,0x1557ebbf70f18410f6ce72f8f37ef89627add6eb773c2bf8fd9ed199edbfb7e3,NewSale
0x2e205ebEa4B8e1d6Cdf8B808053780f76a0531Ca,76928,0xbc2d6E7c81E7f35473b3594031FCC4c519fD24Ad,1,0x6b096c7b6b245306d18be6e40cbb8bacd66e689c,1,239970000000000,26756132,159289,4957850,1743050451,0x89b5e6e001209b21e28b6bff1393be5fd02796d9ea066fb993a4d0c692a0e595,NewSale
0x4324d85d7B5436c95E5F4CbdCc90B8c1ae6CAffa,77001,0x02e21A25F0038fa5BDEe9c0b77aC0c1E84d3d6f0,2023,0x20683b7398f3e5cad97fe6317d85e8ac2fd7f124,1,375000000000000,26730000,138158,4957862,1743050475,0xfeba2fec5094212b12b8acf5cdf51cf8bfc7a3804211135a92fdb61554c7aa2f,NewSale
0x529F71B8285ECbabF59359e9284E98AD05e683E7,77032,0xbc2d6E7c81E7f35473b3594031FCC4c519fD24Ad,1,0x64f7c019021ac74a68d90d08491ca43b2a632e71,1,15470000000000000000,26461916,161354,4957866,1743050483,0x8d39515e51e05e5e290d523c4621ac6305a1edb18411cb6b13c03d2972044b61,NewSale
0x2e205ebEa4B8e1d6Cdf8B808053780f76a0531Ca,76928,0xbc2d6E7c81E7f35473b3594031FCC4c519fD24Ad,1,0x6b096c7b6b245306d18be6e40cbb8bacd66e689c,1,239970000000000,26545303,142189,4957869,1743050489,0xc005ddd6ec8ca87943585016ac892e47b24073e74b3eb56ccd8dba94e8fbd73a,NewSale
0x902D095cE2731417Bd60FD6a16f2A5FC778301C9,77159,0xbc2d6E7c81E7f35473b3594031FCC4c519fD24Ad,1,0xf762bebc0f26e6887ecd98f88ae1d103789e7e7f,1,249000000000000,26226465,135778,4957885,1743050521,0x30d59f01623c845ed9778f50fe1844357b9de2f8247185ed2ce9b51a188e93a5,NewSale
0x529F71B8285ECbabF59359e9284E98AD05e683E7,77032,0xbc2d6E7c81E7f35473b3594031FCC4c519fD24Ad,1,0x64f7c019021ac74a68d90d08491ca43b2a632e71,1,15470000000000000000,26126465,161354,4957885,1743050521,0x55b003feccadbc7fdfa270a8f48e677dcab310e9b4af345c4e002791a4084036,NewSale
0x2e205ebEa4B8e1d6Cdf8B808053780f76a0531Ca,76928,0xbc2d6E7c81E7f35473b3594031FCC4c519fD24Ad,1,0x6b096c7b6b245306d18be6e40cbb8bacd66e689c,1,239970000000000,26097692,142189,4957888,1743050527,0xd894528fb64b4cbbb93e335ca95278b508a3b5429dae473e40020bd59cdad68d,NewSale
0x529F71B8285ECbabF59359e9284E98AD05e683E7,77032,0xbc2d6E7c81E7f35473b3594031FCC4c519fD24Ad,1,0x64f7c019021ac74a68d90d08491ca43b2a632e71,1,15470000000000000000,25538811,161354,4957906,1743050563,0x7cb41755ae47606aedb043323c705833aee7088e1714b34babff1a7b0695e312,NewSale
0x7b05A99eb6cDD7070dc3C9af676539e0ecE4Bef9,76933,0xbc2d6E7c81E7f35473b3594031FCC4c519fD24Ad,0,0x6b096c7b6b245306d18be6e40cbb8bacd66e689c,1,240000000000000,25612511,152866,4957907,1743050565,0xd19aa290cfe0f0820e558cda8f0038cc02ef2c5b205c4dda28aa30a6f5a92033,NewSale
0x2e205ebEa4B8e1d6Cdf8B808053780f76a0531Ca,76928,0xbc2d6E7c81E7f35473b3594031FCC4c519fD24Ad,1,0x46dd290a71146f23c4891e644b85b1bd78370f4b,1,239970000000000,25251326,142189,4957916,1743050583,0x01d11409a1901a77f9ea53458bc1827c123f420cc503949d6c85919a74445bbb,NewSale
0xC0DEc165A5d6e6766Fbc35c977f89535899D0411,74893,0xbc2d6E7c81E7f35473b3594031FCC4c519fD24Ad,0,0x6b096c7b6b245306d18be6e40cbb8bacd66e689c,1,249999990000000,25072890,142201,4957926,1743050603,0xaa8733a08327b59b4ce5a0a3a245dcda5228f8521752f2c1607b0cad85577211,NewSale
0x2e205ebEa4B8e1d6Cdf8B808053780f76a0531Ca,76928,0xbc2d6E7c81E7f35473b3594031FCC4c519fD24Ad,1,0x46dd290a71146f23c4891e644b85b1bd78370f4b,1,239970000000000,24581898,142189,4957944,1743050639,0x5a018d5b7e3d29db322f58069fba849995ae3496b7c556791d5960827efc2814,NewSale
0x8E50f63a7e76992c1d586b7F4a279cE5161923bf,77161,0xbc2d6E7c81E7f35473b3594031FCC4c519fD24Ad,1,0x6b096c7b6b245306d18be6e40cbb8bacd66e689c,1,249000000000000,24626969,135778,4957945,1743050641,0x529f5d2908c1d6afeddb2ce9fe8b10ef19f76dcfc471dd76d152f645d1202099,NewSale
0xC0DEc165A5d6e6766Fbc35c977f89535899D0411,74893,0xbc2d6E7c81E7f35473b3594031FCC4c519fD24Ad,0,0x65f019aaa97fb3eb547c968dd72367cf8102c4e7,1,249999990000000,24880000,142201,4957950,1743050651,0x6cfff6fcba07d64e3d65cf9a55d77e8c2c817b7940f81f807da88d70273e70fa,NewSale
0x0b4c5E036Fa7E40dAb1E59434113adAeD83A80Df,77162,0xbc2d6E7c81E7f35473b3594031FCC4c519fD24Ad,1,0xf762bebc0f26e6887ecd98f88ae1d103789e7e7f,1,249000000000000,24393920,135778,4957964,1743050679,0x8fbf6e0092b647478ddf4ac3463a67a9758eb897796264cbeae94e43987c362e,NewSale
0xbAa9672503be4067CCc6eBB08BEe52af3e0b3b4C,76111,0x2Bf46D4497e98FbA2304B0d2453922FFf559Ea02,77,0x0e76ccfff799ee0ea7ea11b18c7222bd8e95548c,1,599900000000000,24490000,164783,4957968,1743050687,0xdb2d89a227be4d1eafc20cfd9be1b19f1e4dcf23dbc8b728bfed114ba3802f9e,NewSale
0x2e205ebEa4B8e1d6Cdf8B808053780f76a0531Ca,76928,0xbc2d6E7c81E7f35473b3594031FCC4c519fD24Ad,1,0x65f019aaa97fb3eb547c968dd72367cf8102c4e7,1,239970000000000,24400000,152878,4957968,1743050687,0x335d3d485518efa2e3df4427adb4b6f206a10fc06267d019411dec72c41cab11,NewSale
0x84Fea0Ba6B685f7Cc9057d6D619FE075c524850e,77164,0xbc2d6E7c81E7f35473b3594031FCC4c519fD24Ad,1,0x65f019aaa97fb3eb547c968dd72367cf8102c4e7,1,249000000000000,24140000,135778,4957985,1743050721,0x1474ccefc79a8d798c5fda124fc2448ed3144eb90134581c1a7fd3540100dc3c,NewSale
0x3AC62AefC00468bC4DE94E6635491676a5ba29c9,77168,0xbc2d6E7c81E7f35473b3594031FCC4c519fD24Ad,1,0xb6273e0b437e863a235fd2a91af7a954b431e7ee,1,249000000000000,24150000,152878,4957996,1743050743,0xe64942dfbe2604670b5e792692156bc5af35cacd2163b8954d7c093e710f25eb,NewSale
0xC0DEc165A5d6e6766Fbc35c977f89535899D0411,74893,0xbc2d6E7c81E7f35473b3594031FCC4c519fD24Ad,0,0xb6273e0b437e863a235fd2a91af7a954b431e7ee,1,249999990000000,24620000,159301,4958006,1743050763,0x245a7f3f6c9ee90f9c7d813b091f25e7999a77bf9ebc8156aa09ec1123f172ba,NewSale
0xC0DEc165A5d6e6766Fbc35c977f89535899D0411,74893,0xbc2d6E7c81E7f35473b3594031FCC4c519fD24Ad,0,0x65f019aaa97fb3eb547c968dd72367cf8102c4e7,1,249999990000000,24590000,142201,4958009,1743050769,0x9c82dadb7390428f25ec2f7f5b5b3a8b5c6a50a76cd6bb201c9a28994643d41e,NewSale
0xC0DEc165A5d6e6766Fbc35c977f89535899D0411,74893,0xbc2d6E7c81E7f35473b3594031FCC4c519fD24Ad,0,0x65f019aaa97fb3eb547c968dd72367cf8102c4e7,1,249999990000000,24630000,142201,4958024,1743050799,0x2af645ea507a9a64be34bea368863e3d8e613b1febf2e0b57cf3a16f38089689,NewSale
0x76BE9A174827fB91E6f1E19011d38e08227A6da2,77006,0x02e21A25F0038fa5BDEe9c0b77aC0c1E84d3d6f0,2025,0x20683b7398f3e5cad97fe6317d85e8ac2fd7f124,1,375000000000000,24640000,138158,4958028,1743050807,0x3eae85c24e43007bd1abca27ceedfbe43fb2569770684b354680f3cb5d74663e,NewSale
0x2fd84F8Fff76A8071195fd626494579fdf06408e,77167,0xbc2d6E7c81E7f35473b3594031FCC4c519fD24Ad,1,0x65f019aaa97fb3eb547c968dd72367cf8102c4e7,1,249000000000000,24670000,135778,4958040,1743050831,0x5ba89a002104f568e9df61d3bf2a64c08103522d3a3205349628580632a8bf06,NewSale
0xC0DEc165A5d6e6766Fbc35c977f89535899D0411,74893,0xbc2d6E7c81E7f35473b3594031FCC4c519fD24Ad,0,0x65f019aaa97fb3eb547c968dd72367cf8102c4e7,1,249999990000000,24430000,142201,4958054,1743050859,0xc71c87f2756cbceaa3fcbb903ea1881d9d91081f21f3430ca5d6a56a774bbaaf,NewSale
0xC0DEc165A5d6e6766Fbc35c977f89535899D0411,74893,0xbc2d6E7c81E7f35473b3594031FCC4c519fD24Ad,0,0x65f019aaa97fb3eb547c968dd72367cf8102c4e7,1,249999990000000,24210000,142201,4958072,1743050895,0xe0e51b4e6e04256e1d9e06931b8349ad5784899b0ef24b0542989dafd572e6e3,NewSale
0xC0DEc165A5d6e6766Fbc35c977f89535899D0411,74893,0xbc2d6E7c81E7f35473b3594031FCC4c519fD24Ad,0,0xb6273e0b437e863a235fd2a91af7a954b431e7ee,1,249999990000000,24200000,142201,4958078,1743050907,0xebb625f3be0d6c591cc1882a29341ee8ad8dbe2c8b396427565ae2dfb1ee4d87,NewSale
0xC0DEc165A5d6e6766Fbc35c977f89535899D0411,74893,0xbc2d6E7c81E7f35473b3594031FCC4c519fD24Ad,0,0x65f019aaa97fb3eb547c968dd72367cf8102c4e7,1,249999990000000,24130000,142201,4958088,1743050927,0x648b2d377f6c6fa22ce8bb0545af184f18c2331a8c305f9a2f812eb1045c603f,NewSale
0xC0DEc165A5d6e6766Fbc35c977f89535899D0411,74777,0xbc2d6E7c81E7f35473b3594031FCC4c519fD24Ad,0,0xb6273e0b437e863a235fd2a91af7a954b431e7ee,1,259999990000000,24090000,142201,4958094,1743050939,0x59aadeb067997822c15950822bfcfc08ba44638806678793bbc8c1a46162ca79,NewSale
0xC0DEc165A5d6e6766Fbc35c977f89535899D0411,74893,0xbc2d6E7c81E7f35473b3594031FCC4c519fD24Ad,0,0x65f019aaa97fb3eb547c968dd72367cf8102c4e7,1,249999990000000,24040000,142201,4958104,1743050959,0x4963d04cfdc8d32d6e188bbd554d35e6848fd6250367bb1eb6a2ef58db8f63ce,NewSale
0x4324d85d7B5436c95E5F4CbdCc90B8c1ae6CAffa,77002,0x02e21A25F0038fa5BDEe9c0b77aC0c1E84d3d6f0,2019,0x20683b7398f3e5cad97fe6317d85e8ac2fd7f124,1,375000000000000,24040000,133358,4958117,1743050985,0xab1afc2e70b9b702a83c09b9ee2e5eabc8f8d7b07226906365506fcc797c131c,NewSale
0x43d56d3b1DE1B37E72Fe6dF5EC69673B271C6fd7,76700,0xbc2d6E7c81E7f35473b3594031FCC4c519fD24Ad,0,0xb6273e0b437e863a235fd2a91af7a954b431e7ee,1,250000000000000,23730000,140578,4958134,1743051019,0xe9f0d566910190a114afc884ce8c9276ea2f89906871499b8e48e9f4aae5f3d8,NewSale
0xE09eB0f5F208E775BC98cE0f01524B956a39aa4D,77169,0xbc2d6E7c81E7f35473b3594031FCC4c519fD24Ad,1,0xf762bebc0f26e6887ecd98f88ae1d103789e7e7f,1,249000000000000,23759447,135778,4958176,1743051103,0xd4983c241e26ab039688991765d124506ad975db4965742003cea5c99b2a68b9,NewSale
0x76BE9A174827fB91E6f1E19011d38e08227A6da2,77007,0x02e21A25F0038fa5BDEe9c0b77aC0c1E84d3d6f0,2022,0x20683b7398f3e5cad97fe6317d85e8ac2fd7f124,1,375000000000000,23490000,138158,4958213,1743051177,0x2c3cdd8f04f84d536113fde2d11b9da39ba8d62c03c46cc9d11ce5fab0ea2c1a,NewSale
0xb6273e0B437e863A235FD2A91AF7A954b431e7Ee,77175,0xbc2d6E7c81E7f35473b3594031FCC4c519fD24Ad,0,0x84e86f870be0acc7406e7175f4e25c0c226b4a88,1,247000000000000,23575435,140578,4958248,1743051247,0x6f340d97f118e6db90ee01477f182efa006720e297c23528792cd297f88c8aca,NewSale
0x502836Bda477E0DD21332D831a8e1d73263e8Cc5,77174,0xbc2d6E7c81E7f35473b3594031FCC4c519fD24Ad,1,0xf762bebc0f26e6887ecd98f88ae1d103789e7e7f,1,249000000000000,23710464,135778,4958268,1743051287,0x855b5c5ed883085b3dcfed263b212886b71ef1228a7257029f4a77514c3ef848,NewSale
0xb6273e0B437e863A235FD2A91AF7A954b431e7Ee,77178,0xbc2d6E7c81E7f35473b3594031FCC4c519fD24Ad,0,0x05431cd62f011cb44ec803fe4ac96fac651ca494,1,246600000000000,23595449,140578,4958322,1743051395,0x46feef2ca841306482c6a05c7d78b1fa004f8e92a26fd5abdf12370da4a861d4,NewSale
0xC0DEc165A5d6e6766Fbc35c977f89535899D0411,74777,0xbc2d6E7c81E7f35473b3594031FCC4c519fD24Ad,0,0xd8f565ba1c646245843873b4c65c9d0a815c9970,1,259999990000000,23440000,142201,4958367,1743051485,0xb18fad8ad8c456cc1917e68bbd21ec0364a6f3e50fe2a28fb4af869a210e7649,NewSale
0x161c9E7E21951B5104bA07F4a7351565AEbEf679,77182,0xbc2d6E7c81E7f35473b3594031FCC4c519fD24Ad,1,0x22c5b360a725d4983e4f5f48ac4f474b364f5e43,1,249000000000000,23003741,152878,4958380,1743051511,0x3f0081751c821c7ff9f436beb377de0f4c9e2d265e3cef1bf2dd5b15d9745ee4,NewSale
0x916C0439fD3863C3b9A0124dB639386B7cf9966a,74455,0xbc2d6E7c81E7f35473b3594031FCC4c519fD24Ad,0,0xd8f565ba1c646245843873b4c65c9d0a815c9970,1,286000000000000,23350000,140590,4958382,1743051515,0x4ea4a76ac278ec6b2d16b34fb0171cba68519f2140e1864cb51e062f8067438c,NewSale
0x66907de460905CB2fc07d10e2c0031D610247684,76200,0x02e21A25F0038fa5BDEe9c0b77aC0c1E84d3d6f0,1944,0xcbc8bb3cd671c35a885a90bfa036f747db7cc897,1,25000000000000000000,23029098,178122,4958383,1743051517,0x3717cdb6933c8efa97cfb9e2a6464186c4c0119214b6d67721d180c1cf99b109,NewSale
0x5ff2A8badBa050C14528A3442789BCF22484c9fa,74458,0xbc2d6E7c81E7f35473b3594031FCC4c519fD24Ad,0,0xd8f565ba1c646245843873b4c65c9d0a815c9970,1,286000000000000,23060000,140590,4958395,1743051541,0xad193e5e3ca29226887423c19d6c329e6e98ba2f1d8bc47a5d14ad0a075b3588,NewSale
0x5ff2A8badBa050C14528A3442789BCF22484c9fa,74462,0xbc2d6E7c81E7f35473b3594031FCC4c519fD24Ad,0,0xd8f565ba1c646245843873b4c65c9d0a815c9970,1,286000000000000,22890000,135790,4958412,1743051575,0xd947795eb01b9584a5b98689da2aca9afa12b1879e623aeadd17e48794aab59b,NewSale
0x9BD51E7A12764657d9189433Aaa08589f9a73C49,74472,0xbc2d6E7c81E7f35473b3594031FCC4c519fD24Ad,0,0xd8f565ba1c646245843873b4c65c9d0a815c9970,1,286000000000000,22840000,140590,4958425,1743051601,0xc4631730bc8587658ddbecc1a7c72c3f1ceb173b50fd10d7b7a66e95f6b0c1a7,NewSale
0x916C0439fD3863C3b9A0124dB639386B7cf9966a,74477,0xbc2d6E7c81E7f35473b3594031FCC4c519fD24Ad,0,0xd8f565ba1c646245843873b4c65c9d0a815c9970,1,286000000000000,22810000,140590,4958436,1743051623,0xae885df5d797d146dc1991d9f7bdd1fd93087802c23e3d6312406d907db5ec83,NewSale
0x9BD51E7A12764657d9189433Aaa08589f9a73C49,74467,0xbc2d6E7c81E7f35473b3594031FCC4c519fD24Ad,0,0xd8f565ba1c646245843873b4c65c9d0a815c9970,1,286000000000000,22840000,140590,4958453,1743051657,0x9766241c3446fb3fa55ec40e280e4bf52c4b6f4692028a63d1c059613918f856,NewSale
0x9BD51E7A12764657d9189433Aaa08589f9a73C49,74457,0xbc2d6E7c81E7f35473b3594031FCC4c519fD24Ad,0,0xd8f565ba1c646245843873b4c65c9d0a815c9970,1,286000000000000,22750000,140590,4958466,1743051683,0xcb6a097cdb3af663aa5e4fff02986d6c99bff0bd85eae77b95a813aa4b9b6c01,NewSale
0x916C0439fD3863C3b9A0124dB639386B7cf9966a,74470,0xbc2d6E7c81E7f35473b3594031FCC4c519fD24Ad,0,0xd8f565ba1c646245843873b4c65c9d0a815c9970,1,286000000000000,22710000,135790,4958478,1743051707,0xf6a8d89b5b57af357d49424350bcce760a97987c35d64ba00ba7441e3722a20d,NewSale
0xb6273e0B437e863A235FD2A91AF7A954b431e7Ee,77184,0xbc2d6E7c81E7f35473b3594031FCC4c519fD24Ad,1,0x05431cd62f011cb44ec803fe4ac96fac651ca494,1,240000000000000,22455224,152866,4958485,1743051721,0xad670aaf74d0d5020576f6a01813e3aecaed4990bd0cbdd565871d3af5e8d009,NewSale
0x80fe121B69163E17bd4e9CC573652e29E48fa4ae,74674,0xbc2d6E7c81E7f35473b3594031FCC4c519fD24Ad,1,0xd8f565ba1c646245843873b4c65c9d0a815c9970,1,285000000000000,22590000,159301,4958490,1743051731,0x5520b989808203b81164bd7bdeeb4f100b734df823eb02c01603467946b6dff5,NewSale
0x529F71B8285ECbabF59359e9284E98AD05e683E7,77032,0xbc2d6E7c81E7f35473b3594031FCC4c519fD24Ad,1,0x64f7c019021ac74a68d90d08491ca43b2a632e71,1,15470000000000000000,22138684,154943,4958511,1743051773,0xa50f3781fadd0be2c1334e248f57fb353f2a0eb318ab5faa2899fa903556f4ab,NewSale
0x76BE9A174827fB91E6f1E19011d38e08227A6da2,77008,0x02e21A25F0038fa5BDEe9c0b77aC0c1E84d3d6f0,2021,0x20683b7398f3e5cad97fe6317d85e8ac2fd7f124,1,375000000000000,22290000,138158,4958513,1743051777,0x9619ac4946ea6f52e52656c6258c180592a935101ce3fd7ffe4c31402e89571c,NewSale
0xbaeDf698469a056b5fFD358929a1CD5fE97E5834,76549,0xDfC21bE7cC791a5f03A95E836D385bBC6d7dF384,1335,0x8027de60944b11137c5d7d18e68c430c1e77a9b8,1,390000000000000,21838080,150458,4958529,1743051809,0x84a77522a9d281a8dee130e143e8ca2af4b18900eb326b1f18db7c594011f570,NewSale
0x2e4D538968d2C1c3e50ceeB0CBEA9508402534c4,77197,0xbc2d6E7c81E7f35473b3594031FCC4c519fD24Ad,1,0x8027de60944b11137c5d7d18e68c430c1e77a9b8,1,249000000000000,21122133,135778,4958566,1743051883,0xa2094e246c6afc25962a287eae308c3d14a734a3b879631cd29ffbd95b95a656,NewSale
0xb6273e0B437e863A235FD2A91AF7A954b431e7Ee,77187,0xbc2d6E7c81E7f35473b3594031FCC4c519fD24Ad,0,0x8027de60944b11137c5d7d18e68c430c1e77a9b8,1,240000000000000,20183915,157666,4958646,1743052043,0xf54cce3db2b96cdda76ab2286e8cf48530a20bfac395fbff9bcad0c20d09e9fe,NewSale
0x64f7C019021aC74A68D90D08491Ca43b2a632E71,77203,0xbc2d6E7c81E7f35473b3594031FCC4c519fD24Ad,1,0x529f71b8285ecbabf59359e9284e98ad05e683e7,1,15300000000000000000,19998235,178454,4958686,1743052123,0x4a11c210b69b51bb3b3fd088e04ed2821fc1507bc7f28eb4c3019bfdaef0b587,NewSale
0x6d882925377e9fA250FFd6b62164AB4084DBbCB7,77201,0xbc2d6E7c81E7f35473b3594031FCC4c519fD24Ad,1,0xc6e59aebb277a53f5ab5edae03199d525fd0ac89,1,230000000000000,20120000,152878,4958693,1743052137,0x7fee48bf49557972086b9c3e7fce860837ea6226953c36b671018610c56a6797,NewSale
0x64f7C019021aC74A68D90D08491Ca43b2a632E71,77203,0xbc2d6E7c81E7f35473b3594031FCC4c519fD24Ad,1,0x529f71b8285ecbabf59359e9284e98ad05e683e7,1,15300000000000000000,19894159,161354,4958706,1743052163,0x58f50cddd32a02cb300bd0e4bd0700d84c46570d1c73c046393a3492aecd4314,NewSale
0x5aFB1cCB5F2308b8D6e3ADd591bFF4E75974A41F,76991,0xdc0F91C5a4D200FfC21658901c77c0fE1A14d199,0,0x0e76ccfff799ee0ea7ea11b18c7222bd8e95548c,1,500000000000000,21260000,145383,4958710,1743052171,0x8992fcf7631f6aefba77e26fcdf0f941cc4c4401998c4e7f3c1dc4c6d980cd8e,NewSale
0x7fE83d0B40AF1e9997BfD5f9442e6785a7263eb8,77194,0xbc2d6E7c81E7f35473b3594031FCC4c519fD24Ad,1,0x8027de60944b11137c5d7d18e68c430c1e77a9b8,1,249000000000000,19951059,135778,4958727,1743052205,0x3443fbec891fa8e291b16ab492ecb50a88cc6889529ccf3dc855cfcc19444a56,NewSale
0x64f7C019021aC74A68D90D08491Ca43b2a632E71,77203,0xbc2d6E7c81E7f35473b3594031FCC4c519fD24Ad,1,0x529f71b8285ecbabf59359e9284e98ad05e683e7,1,15300000000000000000,19851059,161354,4958727,1743052205,0x1fd136c90649eeceb87fd884f17c9f1acc3497ee6352d6c41b777a4b02132198,NewSale
0x64f7C019021aC74A68D90D08491Ca43b2a632E71,77203,0xbc2d6E7c81E7f35473b3594031FCC4c519fD24Ad,1,0x529f71b8285ecbabf59359e9284e98ad05e683e7,1,15300000000000000000,19887435,161354,4958747,1743052245,0x4ab4ebbff7d8d2acd20925a3a9fbf1e6f74a9e6f8feb39a532cb7e3dbc6c045f,NewSale
0xb6273e0B437e863A235FD2A91AF7A954b431e7Ee,77189,0xbc2d6E7c81E7f35473b3594031FCC4c519fD24Ad,0,0x8027de60944b11137c5d7d18e68c430c1e77a9b8,1,245000000000000,19958085,135778,4958754,1743052259,0xcd0a6ae5c5dcc3a781e6133dae7eaeb63d83c96a3507b373295c29e082e6d829,NewSale
0x64f7C019021aC74A68D90D08491Ca43b2a632E71,77203,0xbc2d6E7c81E7f35473b3594031FCC4c519fD24Ad,1,0x529f71b8285ecbabf59359e9284e98ad05e683e7,1,15300000000000000000,19951984,161354,4958768,1743052287,0x1033b5fa3fddae237dc739aa7a154d9c238ee7fc29951bd9c2199c18aa8490a4,NewSale
0xeb418E53EFcDc351137C9A81c70967b8D7063f4C,77195,0x7e5F161dd824d98AC3474eBf550716d0cb83E8C6,0,0x8027de60944b11137c5d7d18e68c430c1e77a9b8,1,500000000000000,20133306,164783,4958775,1743052301,0x6aedda7a572782399d035a60e24a5acad7a310bbdf07ff520eaed8aab482d0f7,NewSale
0x64f7C019021aC74A68D90D08491Ca43b2a632E71,77203,0xbc2d6E7c81E7f35473b3594031FCC4c519fD24Ad,1,0x529f71b8285ecbabf59359e9284e98ad05e683e7,1,15300000000000000000,20068381,161354,4958788,1743052327,0x198a8128e0513162380ee0284663ced802188a12541a6694bd7c4179205ad374,NewSale
0x64f7C019021aC74A68D90D08491Ca43b2a632E71,77203,0xbc2d6E7c81E7f35473b3594031FCC4c519fD24Ad,1,0x529f71b8285ecbabf59359e9284e98ad05e683e7,1,15300000000000000000,20017605,161354,4958808,1743052367,0x91679ee70095e8deb16d9a5053d6ca8e7b6e42a6014b745508772e58fe34db80,NewSale
0x64f7C019021aC74A68D90D08491Ca43b2a632E71,77203,0xbc2d6E7c81E7f35473b3594031FCC4c519fD24Ad,1,0x529f71b8285ecbabf59359e9284e98ad05e683e7,1,15300000000000000000,19911750,161354,4958829,1743052409,0x9a82b85954bfdd047a5cbfcc0942ea8723b33d8350d6256101c10d18b7d7fc81,NewSale
0x64f7C019021aC74A68D90D08491Ca43b2a632E71,77203,0xbc2d6E7c81E7f35473b3594031FCC4c519fD24Ad,1,0x529f71b8285ecbabf59359e9284e98ad05e683e7,1,15300000000000000000,19687038,161354,4958849,1743052449,0x1fc913ee42dbe10344dc8607466322fcb7b2faa54fc7d61183ceca8cf9b93d8f,NewSale
0x64f7C019021aC74A68D90D08491Ca43b2a632E71,77203,0xbc2d6E7c81E7f35473b3594031FCC4c519fD24Ad,1,0x529f71b8285ecbabf59359e9284e98ad05e683e7,1,15300000000000000000,19616994,161354,4958869,1743052489,0x83a2e4b17b1f9d2bfc4999fd8f668e1c9d7abb8dd29a202790e25712d562985c,NewSale
0x64f7C019021aC74A68D90D08491Ca43b2a632E71,77203,0xbc2d6E7c81E7f35473b3594031FCC4c519fD24Ad,1,0x529f71b8285ecbabf59359e9284e98ad05e683e7,1,15300000000000000000,19483745,161354,4958890,1743052531,0xd2c95f0c722ec8d94cc9914c0b91add558ecc23e59810c5237a3ff206cdb29d3,NewSale
0x64f7C019021aC74A68D90D08491Ca43b2a632E71,77203,0xbc2d6E7c81E7f35473b3594031FCC4c519fD24Ad,1,0x529f71b8285ecbabf59359e9284e98ad05e683e7,1,15300000000000000000,19481915,161354,4958910,1743052571,0x9b27ba5c3a747651996390acb2a0d2cfc986638ac7be82e2b2e9908ad769cc6c,NewSale
0x64f7C019021aC74A68D90D08491Ca43b2a632E71,77203,0xbc2d6E7c81E7f35473b3594031FCC4c519fD24Ad,1,0x529f71b8285ecbabf59359e9284e98ad05e683e7,1,15300000000000000000,19556628,161354,4958930,1743052611,0xb4e9dc68a85807413b6f055a47e0b594f7fc1450895bfee5898d4324d3f63acf,NewSale
0x76BE9A174827fB91E6f1E19011d38e08227A6da2,77009,0x02e21A25F0038fa5BDEe9c0b77aC0c1E84d3d6f0,2017,0x20683b7398f3e5cad97fe6317d85e8ac2fd7f124,1,375000000000000,19460000,138158,4958950,1743052651,0x1b3687101ede13705acdf3bfe68e3851fcd544dfaa9e60fa9519f8a54126c75f,NewSale
0x64f7C019021aC74A68D90D08491Ca43b2a632E71,77203,0xbc2d6E7c81E7f35473b3594031FCC4c519fD24Ad,1,0x529f71b8285ecbabf59359e9284e98ad05e683e7,1,15300000000000000000,19517863,161354,4958953,1743052657,0x2483111b38c616864e487d103e6fee223793b6c2fee493376a9faf7ff44186c9,NewSale
0x64f7C019021aC74A68D90D08491Ca43b2a632E71,77203,0xbc2d6E7c81E7f35473b3594031FCC4c519fD24Ad,1,0x529f71b8285ecbabf59359e9284e98ad05e683e7,1,15300000000000000000,19571724,161354,4958971,1743052693,0xc11fc0480f81a90897b1668e084ecdf7f8fa9cb84c1632e08daed446d8d56be7,NewSale
0xD8f565bA1c646245843873B4C65c9D0a815C9970,77204,0xbc2d6E7c81E7f35473b3594031FCC4c519fD24Ad,1,0x20bd80327e51a854556fe6296feb733d1ccd6fa7,1,220000000000000,19551646,152878,4958976,1743052703,0x446a1eff1ae518c6e5c7d6fed86c59965cdb092349f78243020f8e0798c90688,NewSale
0xDCec68E8c649Dd035cEc9F7a7565Fe4373c6b4f2,77215,0xbc2d6E7c81E7f35473b3594031FCC4c519fD24Ad,1,0x8505e4d753193af3c2f80bc8b8159725758194d1,1,249000000000000,19349496,152878,4959035,1743052821,0xb48047665d0cf00c38b9d1e1728436e56abfe7bb27770d290225811b9ed2384d,NewSale
0xB925c29BEDB898e1d0b396D3A3c5E54a1C2EC711,77207,0xbc2d6E7c81E7f35473b3594031FCC4c519fD24Ad,1,0x20bd80327e51a854556fe6296feb733d1ccd6fa7,1,240000000000000,19803497,135766,4959056,1743052863,0x4f794e4d25247046810251572cc6ec032472ff8448986ca141feecf9c45eab97,NewSale
0x76BE9A174827fB91E6f1E19011d38e08227A6da2,77010,0x02e21A25F0038fa5BDEe9c0b77aC0c1E84d3d6f0,2018,0x20683b7398f3e5cad97fe6317d85e8ac2fd7f124,1,375000000000000,19910000,133358,4959081,1743052913,0x1d6707da9810b614bb45bb2f4bda7fb6df8a82e0d6179fe7d62a87adbe81cad8,NewSale
0x6d882925377e9fA250FFd6b62164AB4084DBbCB7,77200,0xdc0F91C5a4D200FfC21658901c77c0fE1A14d199,0,0xe5bdc0fca141b8efe48ed0e1a874f7b411c35326,1,500000000000000,19929268,145383,4959083,1743052917,0x493326f271e901123320dc450d69296ae3390b7f4150446e3209d7ceb56b20bc,NewSale
0x7cb11d94F606934e225d61d093f7c9F0b05E7d67,77221,0xbc2d6E7c81E7f35473b3594031FCC4c519fD24Ad,1,0xb8067ff43e746279b08ea49b413ab22ae11a6469,1,249000000000000,20151647,152878,4959090,1743052931,0x125457f3f9e6071454b2493582a76a64d1a60d0bdc66022e50a4608f50d136ba,NewSale
0xeb418E53EFcDc351137C9A81c70967b8D7063f4C,77222,0x7e5F161dd824d98AC3474eBf550716d0cb83E8C6,0,0x8505e4d753193af3c2f80bc8b8159725758194d1,1,500000000000000,20618159,164783,4959175,1743053101,0x7e1d00bf27ef0f7db1264752da11cb90bd5bb5563ebe6666ec239ea3eb4bef23,NewSale
0xeF0Ef28b882d166B732d00A01Ea762B9CCd3FE44,77227,0xbc2d6E7c81E7f35473b3594031FCC4c519fD24Ad,1,0x20bd80327e51a854556fe6296feb733d1ccd6fa7,1,240000000000000,20494442,142177,4959223,1743053197,0x3fee10d6618cf80a0bc61f89331b56c2a2c638b3be667d93a555632714275b72,NewSale
0x22c5B360a725D4983e4F5F48aC4f474b364f5E43,77229,0xbc2d6E7c81E7f35473b3594031FCC4c519fD24Ad,0,0x17a1ebec5abe1fc794d5f55562dcc217ad35f356,1,220000000000000,20519187,152878,4959230,1743053211,0xf5b176bf8bc156dcb051c4179090dec510fda8d684f6c6ebce39c1c148915996,NewSale
0x0DDDAb17d0eE1416A757758Fe4dcE96EE8Df211c,76516,0xEB255E4669Da7FeEf1F746a5a778b4e08b65a1A7,0,0x19347ca0632066a6e17020c23f5a79724126af5d,1,480000000000000,20572355,162471,4959233,1743053217,0x0894178918e80568687c9874d81610c7a9caf09e7ea53c2e58e3c5405a1c06b1,NewSale
0x9fd09B06296b1C72Bb9E23866f455347A559bA57,76741,0xdc0F91C5a4D200FfC21658901c77c0fE1A14d199,0,0xf367c5c87dc5535214087e116479af230aab8372,1,600000000000000,20430284,150183,4959239,1743053229,0x976ae31f239c81b8c5577d2dfb8cf5b6d8192a785f9e6baea3fb29926cbabf4a,NewSale
0x4Cc934D2caFa3BfB431C7D34eB0e6b8d11F0ad7C,76129,0x02e21A25F0038fa5BDEe9c0b77aC0c1E84d3d6f0,1971,0x20683b7398f3e5cad97fe6317d85e8ac2fd7f124,1,390000000000000,20290000,138158,4959291,1743053333,0x5f3380b8a1dd4e7381cadab7477b775167d2d74e279602351a960699709e8b00,NewSale
0xeF0Ef28b882d166B732d00A01Ea762B9CCd3FE44,77227,0xbc2d6E7c81E7f35473b3594031FCC4c519fD24Ad,1,0x20bd80327e51a854556fe6296feb733d1ccd6fa7,1,240000000000000,19963000,142177,4959319,1743053389,0x536d5692997909b7187a8ff2ccdeaba9ad219fd1b79170bfd089911e95b41b96,NewSale
0x8505E4D753193aF3C2F80Bc8b8159725758194D1,77232,0xbc2d6E7c81E7f35473b3594031FCC4c519fD24Ad,1,0x20bd80327e51a854556fe6296feb733d1ccd6fa7,1,240000000000000,19771976,135766,4959371,1743053493,0xd7c2264fb324a3d098cb1674adce32d865d2b6690d6b5985d27bd9652503575f,NewSale
0x69558E7065d467ce24Ab4D9e03C9D5b193950956,76892,0xdc0F91C5a4D200FfC21658901c77c0fE1A14d199,0,0x02708731fbd29e2ceb3bc5b6745af52be09510a0,1,510000000000000,19753296,162483,4959373,1743053497,0x1fc776b520e173591c936986db046d6e1861c7dea79cf85cfde1868d3e36f8eb,NewSale
0xC120a013Ce544b15C3c48ca0a0DA81fAA3F74346,77211,0xbc2d6E7c81E7f35473b3594031FCC4c519fD24Ad,1,0x8505e4d753193af3c2f80bc8b8159725758194d1,1,249000000000000,19829896,152878,4959394,1743053539,0xd8ad6c72e6325772ca074558c129fa73602c77d2b4312892efede2f424339be3,NewSale
0xeF0Ef28b882d166B732d00A01Ea762B9CCd3FE44,77227,0xbc2d6E7c81E7f35473b3594031FCC4c519fD24Ad,1,0x17a1ebec5abe1fc794d5f55562dcc217ad35f356,1,240000000000000,19667425,159277,4959437,1743053625,0xe47aee57841e1ef4098d68c33d3c0fc4137e15902a23d2c3f942aa905a044f0d,NewSale
0xAe6a78Bf15Abc44999929EE0ccE2154c23e59f37,77191,0xbc2d6E7c81E7f35473b3594031FCC4c519fD24Ad,1,0x45991e00b4d06cfc2985403ef25656d3fcdf177b,1,249000000000000,19545893,135766,4959443,1743053637,0x018b561a13c82000a59a67d24a6f5eca8aab25e438c0938e61487e64a9067fa8,NewSale
0xeF0Ef28b882d166B732d00A01Ea762B9CCd3FE44,77227,0xbc2d6E7c81E7f35473b3594031FCC4c519fD24Ad,1,0x17a1ebec5abe1fc794d5f55562dcc217ad35f356,1,240000000000000,19466563,142177,4959459,1743053669,0xbc89b670613f213355833d1a5e2473f4900f7941e2cc5a1ab7a80bb73a705110,NewSale
0x078186E081320E5491c49598997Cc5ea39180667,76922,0xdc0F91C5a4D200FfC21658901c77c0fE1A14d199,0,0x20683b7398f3e5cad97fe6317d85e8ac2fd7f124,1,530000000000000,19400000,162483,4959552,1743053855,0x1b9567d702048535707efee0c8ccd0a5e66d50fabc4f919638c657634ef14c13,NewSale
0x1e5a55ADBB311e0127cF6F175Fa7b84180dd9988,75662,0x7e5F161dd824d98AC3474eBf550716d0cb83E8C6,1,0x8505e4d753193af3c2f80bc8b8159725758194d1,1,500000000000000,19418398,162483,4959577,1743053905,0x5a732e6335273778165b11d0a62d51f7523a524db27fb1b56341971e908793d0,NewSale
0xeb418E53EFcDc351137C9A81c70967b8D7063f4C,76845,0x7e5F161dd824d98AC3474eBf550716d0cb83E8C6,0,0x8505e4d753193af3c2f80bc8b8159725758194d1,1,500000000000000,19632744,147683,4959592,1743053935,0xd15fa5b9eca99f8dab99a537297093f1a253e4dcfd6cdc5146d0a071a126d92e,NewSale
0x79389b19b59b44B9017626b661aa00eFA0E3f67e,77239,0xbc2d6E7c81E7f35473b3594031FCC4c519fD24Ad,1,0x930516f51a7661231b2f87c381c631d22b3ecc50,1,249000000000000,19648974,152878,4959606,1743053963,0x1fac8fe000ea62c4417d2c2eb23788c3832b67e734fbfda3f287252b3be460c4,NewSale
0xB2FaCaaD3f2fB881A8b9D5b8cCF8419818a9D148,74803,0x7e5F161dd824d98AC3474eBf550716d0cb83E8C6,0,0x8505e4d753193af3c2f80bc8b8159725758194d1,1,500000000000000,19567898,145383,4959611,1743053973,0xd47de006e38cf4bd53c1b1fcf7d145636a40b8598df584ef979dbbc67d75f565,NewSale
0xe44129EcF75679829d533f05990bc9cd9E0732eC,77188,0xbc2d6E7c81E7f35473b3594031FCC4c519fD24Ad,1,0x88e49c15b9cbaf3a3ad6c00a1f03420b58b10c19,1,249000000000000,19539296,152878,4959736,1743054223,0x5bbe3e86b4ba66a620c484a9da76689a4702e3f7a55fbf03be46b8e7a9b3aa9a,NewSale
0x190F1Dac22a398b1bDbBf23F11358922acd2986d,77244,0xbc2d6E7c81E7f35473b3594031FCC4c519fD24Ad,1,0x88e49c15b9cbaf3a3ad6c00a1f03420b58b10c19,1,249000000000000,19135350,135778,4959860,1743054471,0x945a59743fe0c081a9ba32f7a9c1fdfa2fd7f510f30200bb7e1b91f484405adc,NewSale
0x935e4dDAF637038303d6F818d3B9493493811e18,77180,0xbc2d6E7c81E7f35473b3594031FCC4c519fD24Ad,1,0x88e49c15b9cbaf3a3ad6c00a1f03420b58b10c19,1,249000000000000,19325230,135778,4959899,1743054549,0xf9ddc23a63f941b6b399c013c5b3a58b1baeae2552fe09ee8cae9c0c9fcd0d34,NewSale
0xbBB71D1ad7fA635f9480a31B0A31baB6B87043ad,77236,0xbc2d6E7c81E7f35473b3594031FCC4c519fD24Ad,1,0x88e49c15b9cbaf3a3ad6c00a1f03420b58b10c19,1,249000000000000,19301462,135778,4959992,1743054735,0xea1b19b633dff3014fe9ed153228485f3f279d0444ce86d0d0d7ec0e5a8e90a9,NewSale
0x80fe121B69163E17bd4e9CC573652e29E48fa4ae,76985,0xbc2d6E7c81E7f35473b3594031FCC4c519fD24Ad,0,0xae3ed39da68fcc1dcf0a3fce7f049198eaa962ee,1,19800000000000000000,19045796,182166,4960074,1743054899,0x9173c360586b0ef06d9a9a14576fd504f59537f58e047186d4a5d69372eb8aac,NewSale
0x80fe121B69163E17bd4e9CC573652e29E48fa4ae,76428,0xbc2d6E7c81E7f35473b3594031FCC4c519fD24Ad,0,0xae3ed39da68fcc1dcf0a3fce7f049198eaa962ee,1,20000000000000000000,18939321,163455,4960091,1743054933,0xb6091809b0d643894c6f4bc0c8b6ac1f89d5dde26f81720fe2b09054f8755b83,NewSale
0x3872fb1d0D16B27beBCF27a409F78E6F3630f5Bb,74193,0xbc2d6E7c81E7f35473b3594031FCC4c519fD24Ad,0,0xeec533b64b265dfd52fd465aeb49d8e562d9ea32,1,300000000000000,18465238,140590,4960169,1743055089,0x252a27c32fd7ed19098b1fb0038de3f80e52cde3740914b85783ad72eadda4d5,NewSale
0x80fe121B69163E17bd4e9CC573652e29E48fa4ae,77276,0xbc2d6E7c81E7f35473b3594031FCC4c519fD24Ad,0,0xae3ed39da68fcc1dcf0a3fce7f049198eaa962ee,1,19000000000000000000,18162594,165066,4960215,1743055181,0x21d64adbb5299bb817d569b923608cf75262c71483905cf5efdc32e709bd227a,NewSale
0x80fe121B69163E17bd4e9CC573652e29E48fa4ae,77276,0xbc2d6E7c81E7f35473b3594031FCC4c519fD24Ad,0,0xae3ed39da68fcc1dcf0a3fce7f049198eaa962ee,1,19000000000000000000,18108280,165066,4960229,1743055209,0x3eaa6e65aa940b298288bb4d25faa6a6373b970b697bb420c877cefc851dd240,NewSale
0x471925a1Ed91a3709775aC18E6cD1D751Ca9267A,77253,0xEB255E4669Da7FeEf1F746a5a778b4e08b65a1A7,0,0x773a48228a236cc42e097ab82f3bee3ed42e553d,1,2000000000000000,18130000,145371,4960237,1743055225,0xfe9a3d880f6948e2ff1d69679dd67747a7d9f0ad67cabdf80fcc22e8ad85f576,NewSale
0x80fe121B69163E17bd4e9CC573652e29E48fa4ae,77276,0xbc2d6E7c81E7f35473b3594031FCC4c519fD24Ad,0,0xae3ed39da68fcc1dcf0a3fce7f049198eaa962ee,1,19000000000000000000,18388658,165066,4960244,1743055239,0x90178438907e6b12b89ebb5fb3038e8d96964c8a6e1e123e02a2d037cb24bad6,NewSale
0x9D3732727D5d56C2234264aB0154111EB91dD0CA,77275,0xbc2d6E7c81E7f35473b3594031FCC4c519fD24Ad,0,0x50d00e0f7d0e56fc52d53b90d585b4c85d2f9c23,1,259900000000000,18317178,157678,4960257,1743055265,0x5700a0b8c96c59f4f966151cd59d5cbe898465a877f4965ae25f8332c0b5523e,NewSale
0x80fe121B69163E17bd4e9CC573652e29E48fa4ae,77276,0xbc2d6E7c81E7f35473b3594031FCC4c519fD24Ad,0,0xae3ed39da68fcc1dcf0a3fce7f049198eaa962ee,1,19000000000000000000,18296300,165066,4960265,1743055281,0x62323f51fed7ca07b0303106620948fdb5d12348f0873a6bbcbb0a6d12a40db6,NewSale
0x3872fb1d0D16B27beBCF27a409F78E6F3630f5Bb,74146,0xbc2d6E7c81E7f35473b3594031FCC4c519fD24Ad,0,0xeec533b64b265dfd52fd465aeb49d8e562d9ea32,1,300000000000000,18413639,135790,4960266,1743055283,0xe78f5c898bb8216cb7ceade61f975bb9e74e6a5136d1e6cd51bd39eaeab44c75,NewSale
0x80fe121B69163E17bd4e9CC573652e29E48fa4ae,77276,0xbc2d6E7c81E7f35473b3594031FCC4c519fD24Ad,0,0xae3ed39da68fcc1dcf0a3fce7f049198eaa962ee,1,19000000000000000000,18371730,165066,4960290,1743055331,0xbcdb380fa74cc174ec64d51420f96019ddcd1950230082659183f024d9294401,NewSale
0x80fe121B69163E17bd4e9CC573652e29E48fa4ae,77276,0xbc2d6E7c81E7f35473b3594031FCC4c519fD24Ad,0,0xae3ed39da68fcc1dcf0a3fce7f049198eaa962ee,1,19000000000000000000,18321740,165066,4960305,1743055361,0xa09768bb2b2ad6889824f713722aaec01c251c164772aa5ba0e53f15e047cedd,NewSale
0x80fe121B69163E17bd4e9CC573652e29E48fa4ae,77276,0xbc2d6E7c81E7f35473b3594031FCC4c519fD24Ad,0,0xae3ed39da68fcc1dcf0a3fce7f049198eaa962ee,1,19000000000000000000,18211405,165066,4960319,1743055389,0x939101302a9bc8d1c7bae19b831b70251b96d175b3b3133dc6f12da1a2e32d38,NewSale
0x80fe121B69163E17bd4e9CC573652e29E48fa4ae,77276,0xbc2d6E7c81E7f35473b3594031FCC4c519fD24Ad,0,0xae3ed39da68fcc1dcf0a3fce7f049198eaa962ee,1,19000000000000000000,18260614,160266,4960335,1743055421,0x0278e1c85b72db5202792e648ab665d2d108434129b8e27257253d64646a4608,NewSale
0x0Bf244405A7ee10d1F1F8c67e64D810fA1402860,77281,0xbc2d6E7c81E7f35473b3594031FCC4c519fD24Ad,0,0x50d00e0f7d0e56fc52d53b90d585b4c85d2f9c23,1,240000000000000,18439309,140566,4960344,1743055439,0x2de00158a9036ff93231081787384774dfc067d30dd6a5075c3ba9c9808920c1,NewSale
0x80fe121B69163E17bd4e9CC573652e29E48fa4ae,77276,0xbc2d6E7c81E7f35473b3594031FCC4c519fD24Ad,0,0xae3ed39da68fcc1dcf0a3fce7f049198eaa962ee,1,19000000000000000000,18422180,165066,4960363,1743055477,0xf6404ee761814ebf96acb4f872ae89dfd6061aacb4c5e94378a4522c5e449c27,NewSale
0x39F0ad6cB63e7f500a2a45c28b6e68B4ed3f0303,77269,0xbc2d6E7c81E7f35473b3594031FCC4c519fD24Ad,0,0x7fface23c1c72c380d0d19f9816cecc02a7ea7de,1,240000000000000,18377076,135766,4960367,1743055485,0x5f3cb34c307226f054c458a668fbf4f1ee14e0ea4bcc3dbbaa4ea80c4e2b9472,NewSale
0x20683b7398f3E5CAd97Fe6317D85e8AC2Fd7f124,77249,0xdc0F91C5a4D200FfC21658901c77c0fE1A14d199,0,0xe3b97d0fb3f5f477ccd0b8f30660254c9101bb39,1,500000000000000,18773932,162483,4960404,1743055559,0xd7140bdd0c9b47db488ec8a84b49a245dc30542e367ad2716778b4615d423ae1,NewSale
0x773a48228A236cc42e097aB82f3bEe3ed42e553D,77240,0xDfC21bE7cC791a5f03A95E836D385bBC6d7dF384,407,0x471925a1ed91a3709775ac18e6cd1d751ca9267a,1,1000000000000000,19600000,150458,4960504,1743055759,0x1bcf0fd4e4667a3aeedbee719d4ec24abd1b5f302d568ff2229664594cc484d9,NewSale
0x0Bf244405A7ee10d1F1F8c67e64D810fA1402860,77284,0xbc2d6E7c81E7f35473b3594031FCC4c519fD24Ad,0,0x50d00e0f7d0e56fc52d53b90d585b4c85d2f9c23,1,200000000000000,21595623,140578,4960609,1743055969,0x3571d9f91f7e690aff8c6dc630513068b3678d094df036dd0578343c4fb25a80,NewSale
0x41f07238C5096Eb7eb68c50FE8AE5AdDECBBF5C2,73586,0xbFCACb23F0B41EeEDFf7d04f52CE8f5125150806,7,0x13da30997b2dff7d99b820e6a8fc371080577520,1,500000000000000,21817359,164783,4960618,1743055987,0xa311256eca2951b7d4c755e15e32d14887c412f6da9d51b30ffa6aed8e4f83dd,NewSale
0x0Bf244405A7ee10d1F1F8c67e64D810fA1402860,77285,0xbc2d6E7c81E7f35473b3594031FCC4c519fD24Ad,0,0x1dd5fbc5ce3e5e91578045abe5485ded3caf5a49,1,200000000000000,21730000,140578,4960628,1743056007,0x649fd3c6dfd30c288786af2036f5cc59dd15eab28db6f313534bb14d5145ad61,NewSale
0x0Bf244405A7ee10d1F1F8c67e64D810fA1402860,77288,0xbc2d6E7c81E7f35473b3594031FCC4c519fD24Ad,0,0x50d00e0f7d0e56fc52d53b90d585b4c85d2f9c23,1,200000000000000,22056857,140578,4960631,1743056013,0xb56347ab3c8bb61179fe72d15c5c2195e6b70eb25f950c84c573979df03a321d,NewSale
0x0Bf244405A7ee10d1F1F8c67e64D810fA1402860,77286,0xbc2d6E7c81E7f35473b3594031FCC4c519fD24Ad,0,0x1dd5fbc5ce3e5e91578045abe5485ded3caf5a49,1,200000000000000,22050000,140578,4960642,1743056035,0xe0d0ec9d72c70491fa82a1f00879b7bcc576002837c94b13794c8b77a5b69eee,NewSale
0x0Bf244405A7ee10d1F1F8c67e64D810fA1402860,77287,0xbc2d6E7c81E7f35473b3594031FCC4c519fD24Ad,0,0x50d00e0f7d0e56fc52d53b90d585b4c85d2f9c23,1,200000000000000,22599147,140578,4960646,1743056043,0x3c9b791f996d83123d449665c61ebed2048046ab1b64c30277b82b313965eb1c,NewSale
0x0Bf244405A7ee10d1F1F8c67e64D810fA1402860,77283,0xbc2d6E7c81E7f35473b3594031FCC4c519fD24Ad,0,0x1dd5fbc5ce3e5e91578045abe5485ded3caf5a49,1,230000000000000,22620000,135778,4960655,1743056061,0xb131482fd4b3eedec6283b523e4b6ef4268a3dee05ef3d06301a33f512e1e827,NewSale
0x164609fe5aE90Ee2110Fb9DF0b8E434e4EA313e3,77245,0xdc0F91C5a4D200FfC21658901c77c0fE1A14d199,0,0xc9ac69ae15798368cc717eacdb45764707317f69,1,590000000000000,22895326,150183,4960659,1743056069,0x75014676573ddf1d3723b3602adea029606879e8474f6132e7bf51ccfd76b4df,NewSale
0xC0DEc165A5d6e6766Fbc35c977f89535899D0411,74893,0xbc2d6E7c81E7f35473b3594031FCC4c519fD24Ad,0,0x50d00e0f7d0e56fc52d53b90d585b4c85d2f9c23,1,249999990000000,23105959,142201,4960666,1743056083,0xf5a717b82e060599e01470654a6ae8ad27b1df124f948e5927cd62229ed9089e,NewSale
0xeF0Ef28b882d166B732d00A01Ea762B9CCd3FE44,77227,0xbc2d6E7c81E7f35473b3594031FCC4c519fD24Ad,1,0x1dd5fbc5ce3e5e91578045abe5485ded3caf5a49,1,240000000000000,22810000,159277,4960666,1743056083,0x9629c17fa4f6d142004dbdb7c093f686a680fe4a6815921a097e77951aa06b4d,NewSale
0x086cf18707608Ce5032ea46ed0a966FE8820072C,77177,0xbc2d6E7c81E7f35473b3594031FCC4c519fD24Ad,1,0x1dd5fbc5ce3e5e91578045abe5485ded3caf5a49,1,249000000000000,23060000,135778,4960679,1743056109,0x619df7664fa609d43e4c0dfd8c4a77e52c4fd06faaac405cd81ec594d62c4c74,NewSale
0x64f7C019021aC74A68D90D08491Ca43b2a632E71,77203,0xbc2d6E7c81E7f35473b3594031FCC4c519fD24Ad,1,0x529f71b8285ecbabf59359e9284e98ad05e683e7,1,15300000000000000000,23391272,161354,4960690,1743056131,0x68b1993afa4626dce2fe58f077f6abe26ab4fb744f03e8b071e5e27fad261fd9,NewSale
0xeF0Ef28b882d166B732d00A01Ea762B9CCd3FE44,77227,0xbc2d6E7c81E7f35473b3594031FCC4c519fD24Ad,1,0x1dd5fbc5ce3e5e91578045abe5485ded3caf5a49,1,240000000000000,23240000,142177,4960697,1743056145,0xa6206b19a65af7fcf175e8ec16dbc287cd46bbbc91fcfffc89908771c1a80c25,NewSale
0xEEc533B64b265dfd52fd465AEb49D8E562d9Ea32,77291,0xbc2d6E7c81E7f35473b3594031FCC4c519fD24Ad,0,0xa683398a41995e18acdabb0fc24652209291444b,1,260000000000000,24089581,140578,4960706,1743056163,0xedc95aa5040f9109a67b6153ad30dcd468ba7e595738a1f5ab09dab09c5ab5ff,NewSale
0xeF0Ef28b882d166B732d00A01Ea762B9CCd3FE44,77227,0xbc2d6E7c81E7f35473b3594031FCC4c519fD24Ad,1,0xccfcf19d9bf2c1032f2079a002c930066dea13a5,1,240000000000000,24171571,142177,4960708,1743056167,0xec4486d38a8fd5815e71388d4cf003135f6154fc16fd92c716d726aa42a19435,NewSale
0xeF0Ef28b882d166B732d00A01Ea762B9CCd3FE44,77227,0xbc2d6E7c81E7f35473b3594031FCC4c519fD24Ad,1,0x1dd5fbc5ce3e5e91578045abe5485ded3caf5a49,1,240000000000000,23760000,142177,4960708,1743056167,0x7b0847a6efc1a76d80841d9a8eb2c1dc93f52ab6d28fe85b854e36b01f83c931,NewSale
0x64f7C019021aC74A68D90D08491Ca43b2a632E71,77203,0xbc2d6E7c81E7f35473b3594031FCC4c519fD24Ad,1,0x529f71b8285ecbabf59359e9284e98ad05e683e7,1,15300000000000000000,24030454,154943,4960713,1743056177,0xdcdd3176c6a327a68418a6a837967ef1ae94d48f8ddbc549c4b9e3a7f3bbe803,NewSale
0xae3eD39da68fcC1dCF0a3fCe7F049198EAA962eE,77297,0xbc2d6E7c81E7f35473b3594031FCC4c519fD24Ad,0,0x80fe121b69163e17bd4e9cc573652e29e48fa4ae,1,19800000000000000000,26207868,165066,4960784,1743056319,0x8c1f1580e53e2ce76387e517a0f5c13e06b5a20f47a164efbc651db8b06b7826,NewSale
0xae3eD39da68fcC1dCF0a3fCe7F049198EAA962eE,77297,0xbc2d6E7c81E7f35473b3594031FCC4c519fD24Ad,0,0x80fe121b69163e17bd4e9cc573652e29e48fa4ae,1,19800000000000000000,27288920,165066,4960806,1743056363,0x24eb4497074fa80bd44c1b2cc97de12003fd785f2c549f285c81778d4ce134cd,NewSale
0x529F71B8285ECbabF59359e9284E98AD05e683E7,77300,0xbc2d6E7c81E7f35473b3594031FCC4c519fD24Ad,1,0x64f7c019021ac74a68d90d08491ca43b2a632e71,1,15300000000000000000,27294796,178454,4960808,1743056367,0xa538d1884f5da608df3466aafc28e0d02f30f5d156b7754b7e9c21fe32fb33a9,NewSale
