listing_creator,listing_id,asset_contract,token_id,buyer,quantity_bought,total_price_paid,gas_price,gas_used,block_number,timestamp,transaction_hash,event_type
0x64f7C019021aC74A68D90D08491Ca43b2a632E71,78382,0xbc2d6E7c81E7f35473b3594031FCC4c519fD24Ad,1,0x529f71b8285ecbabf59359e9284e98ad05e683e7,1,16000000000000000000,44973445,161354,4976880,1743088511,0xe7c4462c02df4c05deca7c9bfa327b7f3c2af878c6dbdc830f4b5749782eb9ae,NewSale
0x64f7C019021aC74A68D90D08491Ca43b2a632E71,78382,0xbc2d6E7c81E7f35473b3594031FCC4c519fD24Ad,1,0x529f71b8285ecbabf59359e9284e98ad05e683e7,1,16000000000000000000,44941213,161354,4976900,1743088551,0x0a24b0eca4987a6e69565e1d1ea8664106e4e8ad134936695442b39f0c1653bc,NewSale
0xC0DEc165A5d6e6766Fbc35c977f89535899D0411,74777,0xbc2d6E7c81E7f35473b3594031FCC4c519fD24Ad,0,0xdc6a0277538ba38af80e0118f8ea999390f91f62,1,259999990000000,87859401,142201,4976918,1743088587,0x0450456dc63de7e94ea1818addc158109bdbea95a32e6a3cf35c137088bd3126,NewSale
0x64f7C019021aC74A68D90D08491Ca43b2a632E71,78382,0xbc2d6E7c81E7f35473b3594031FCC4c519fD24Ad,1,0x529f71b8285ecbabf59359e9284e98ad05e683e7,1,16000000000000000000,87829023,161354,4976921,1743088593,0xd32f4cb9888f8a11f6ebe6a976928f8af96e8e43cc32f9c9181a72ef0f2ef857,NewSale
0x64f7C019021aC74A68D90D08491Ca43b2a632E71,78382,0xbc2d6E7c81E7f35473b3594031FCC4c519fD24Ad,1,0x529f71b8285ecbabf59359e9284e98ad05e683e7,1,16000000000000000000,87108271,154943,4976941,1743088633,0xf1e319bf71700e114eb1d3165f6584fa8de5754356c99b1b2533da9f74918105,NewSale
0xb533153FCE970075a830eA12251FC602448f851b,78347,0x0c951D9e6EC40FB01007AA8463a98a4C8829874d,0,0x75283f6c9478c1a2ca7938e36950c48a891f01e6,1,400000000000000,44440000,145371,4976955,1743088661,0x38e29e83bd388d957d7ff56c1f75bdbb0039ff42f8a1f945d85353fed0f7668c,NewSale
0x87495FC2bCfD080f10e5803DFfF83F36fDBaBdcB,78377,0xbc2d6E7c81E7f35473b3594031FCC4c519fD24Ad,1,0xdc6a0277538ba38af80e0118f8ea999390f91f62,1,249900000000000,86487588,135778,4976965,1743088681,0xc8f133f46bfa22a01a111cbe3c33858e3fcb88b45ceea6eaa30176d2e1d1c1a6,NewSale
0xa5E190A824BDc864990d1C62f516495A972016C7,78400,0xbc2d6E7c81E7f35473b3594031FCC4c519fD24Ad,1,0xdc6a0277538ba38af80e0118f8ea999390f91f62,1,249000000000000,85231464,135778,4977003,1743088757,0xd3208d41e0d21d3060dfced781eb79591e37d1fafd138e10578e7c7b5c7db28d,NewSale
0x4F9C0b07a811650A844f11F608b6acaF69Ab9a0f,78401,0xbc2d6E7c81E7f35473b3594031FCC4c519fD24Ad,0,0xdc6a0277538ba38af80e0118f8ea999390f91f62,1,220000000000000,83583354,135778,4977031,1743088813,0xefa10e8f1117745cd3aaf96590d0802c8e5bf2e2a74c1283e0f8ef8f28c4e7fc,NewSale
0xC0DEc165A5d6e6766Fbc35c977f89535899D0411,74779,0xbc2d6E7c81E7f35473b3594031FCC4c519fD24Ad,0,0xcd46d5193fd3fa2b16230541a723acd4b05c0887,1,269999990000000,83167323,142201,4977043,1743088837,0x12975f2fb6b3e05645ce256e913a6246f1f01fb2081ff89e6f0d23e00ff67945,NewSale
0x2A39FD94E139952C3958E69172bA918D8f533571,78403,0xbc2d6E7c81E7f35473b3594031FCC4c519fD24Ad,0,0x4092acf3ed8471ed969a103780991dcd5479e47b,1,220000000000000,42230000,157678,4977046,1743088843,0x3950bd7c0b4169ee5834d79257cdcb7825eab0448e7cb27cc18497a46e6e7ac6,NewSale
0x7043B26950DcD677c29fB20e6f4BBeF7FC13734d,77918,0xbc2d6E7c81E7f35473b3594031FCC4c519fD24Ad,0,0xcd46d5193fd3fa2b16230541a723acd4b05c0887,1,260000000000000,42154302,135778,4977087,1743088925,0xb46b0dae4c6620969d6e00f1a6b1a17768b84c2775ebc9a720640925c2f6f3bc,NewSale
0xFACda510e8D40feA4D8e5559531D41d2C97255c2,78398,0xbc2d6E7c81E7f35473b3594031FCC4c519fD24Ad,1,0x75283f6c9478c1a2ca7938e36950c48a891f01e6,1,249000000000000,41654302,152878,4977087,1743088925,0xdbebd0eede3ef8fddcc96d73ddae139330edc1c5df992f804f2998c3a013c7e0,NewSale
0xb2de6bDBc748992B83a14FcbAefDC13430b261Fe,78404,0xbc2d6E7c81E7f35473b3594031FCC4c519fD24Ad,1,0xdc6a0277538ba38af80e0118f8ea999390f91f62,1,249000000000000,82508957,135778,4977092,1743088935,0x43ef253024079067b33be83960ec2696260816f4673fa2cb1f5c4562ec06bbcb,NewSale
0x529F71B8285ECbabF59359e9284E98AD05e683E7,78412,0xbc2d6E7c81E7f35473b3594031FCC4c519fD24Ad,1,0x64f7c019021ac74a68d90d08491ca43b2a632e71,1,15300000000000000000,81188119,178454,4977128,1743089007,0xa247aaa65621e3ff68d24fdbc05503e04b13163cc1bf85b8c9b1867b56d0746d,NewSale
0x529F71B8285ECbabF59359e9284E98AD05e683E7,78412,0xbc2d6E7c81E7f35473b3594031FCC4c519fD24Ad,1,0x64f7c019021ac74a68d90d08491ca43b2a632e71,1,15300000000000000000,40590729,161354,4977149,1743089049,0xd7d0cbb88b0649d3a122bd61407690d4495f9e4749c6129ceb9f58aa550f578b,NewSale
0x26D2a1Cb14D86BFb926DF82238741F703c220AeE,78391,0xbc2d6E7c81E7f35473b3594031FCC4c519fD24Ad,0,0x653181142dc87d1bc4a1b7849604d4ba510a4a3d,1,400000000000000,41090000,140578,4977164,1743089079,0x92928b69e0323b124560da4ebe36fa8fb5f7320c053be3c01b2bc9b4b1290b89,NewSale
0x529F71B8285ECbabF59359e9284E98AD05e683E7,78412,0xbc2d6E7c81E7f35473b3594031FCC4c519fD24Ad,1,0x64f7c019021ac74a68d90d08491ca43b2a632e71,1,15300000000000000000,79352226,161354,4977169,1743089089,0xa8d097f85a56d9a763c37ef0314095e14f2117f6f9f02c9e95ea20581531d180,NewSale
0x529F71B8285ECbabF59359e9284E98AD05e683E7,78412,0xbc2d6E7c81E7f35473b3594031FCC4c519fD24Ad,1,0x64f7c019021ac74a68d90d08491ca43b2a632e71,1,15300000000000000000,38733935,161354,4977190,1743089131,0x7a80758a89a8c0ca82bf57e8366f2addba0d753d1839898f3b7c9592efb122e5,NewSale
0x319FbBBcf7D7050213C33285E2c13aBc4b69eDc9,78410,0xbc2d6E7c81E7f35473b3594031FCC4c519fD24Ad,1,0xcdc61ecaa694cfb5d662fe5915ccf9c0b37cd454,1,249000000000000,39990000,152878,4977198,1743089147,0x20b298722f902196fdfab5294b3747aa66584db114c8ffcfee043f2b66790381,NewSale
0x954355Ff52AceB6583a859435DbB17De993c59CC,78345,0xdc0F91C5a4D200FfC21658901c77c0fE1A14d199,0,0xdc6a0277538ba38af80e0118f8ea999390f91f62,1,500000000000000,39533218,167283,4977206,1743089163,0x73f6ec6ad1d6dda8090762f6c0b6d1b12c3ee6bc9d1c508014f3f4e189c47a50,NewSale
0x529F71B8285ECbabF59359e9284E98AD05e683E7,78412,0xbc2d6E7c81E7f35473b3594031FCC4c519fD24Ad,1,0x64f7c019021ac74a68d90d08491ca43b2a632e71,1,15300000000000000000,38517847,161354,4977210,1743089171,0x245a0d1d0595c679d9e748d5b47826b968512b06bfd4982bf8d02afdb208543f,NewSale
0xC0DEc165A5d6e6766Fbc35c977f89535899D0411,74777,0xbc2d6E7c81E7f35473b3594031FCC4c519fD24Ad,0,0xcd46d5193fd3fa2b16230541a723acd4b05c0887,1,259999990000000,39868943,142201,4977222,1743089195,0xa6db16749af0a25becbf7e61fc6b1bcf57a32aa07789db5358056ad47f76f89e,NewSale
0x529F71B8285ECbabF59359e9284E98AD05e683E7,78412,0xbc2d6E7c81E7f35473b3594031FCC4c519fD24Ad,1,0x64f7c019021ac74a68d90d08491ca43b2a632e71,1,15300000000000000000,39701395,161354,4977230,1743089211,0x74cbd8c4428fac3d8fe6ee3d28b8b840f06443b55f73b5241a4bae60cebb5ad5,NewSale
0x1183f7BF59CFff1D6772663441BAb3aa6C27Fa99,78419,0xbc2d6E7c81E7f35473b3594031FCC4c519fD24Ad,0,0xcdc61ecaa694cfb5d662fe5915ccf9c0b37cd454,1,220000000000000,39830000,140578,4977249,1743089249,0x484becae859a3634317b9b70f5df950afeed43241c0cb9bfe6cfa6d3784a2296,NewSale
0x529F71B8285ECbabF59359e9284E98AD05e683E7,78412,0xbc2d6E7c81E7f35473b3594031FCC4c519fD24Ad,1,0x64f7c019021ac74a68d90d08491ca43b2a632e71,1,15300000000000000000,39445959,161354,4977251,1743089253,0x984063df72f6e8b3e11ee07baf9e8207e556f877d24564a83ef4833b229f23be,NewSale
0xC0DEc165A5d6e6766Fbc35c977f89535899D0411,77662,0xbc2d6E7c81E7f35473b3594031FCC4c519fD24Ad,0,0xe2d43ccf2fc2867f8ef6244b4b4078c8c74ad8f4,1,249999960000000,39338195,142189,4977261,1743089273,0x26eeb59b5df30f3de99ec8a12c6fb9f1d5201a50e7ffbe20a91b915ad207d854,NewSale
0x6bCc673C5204b05C2bDFFD9021E4Cc9dabB48B3e,78396,0xdc0F91C5a4D200FfC21658901c77c0fE1A14d199,0,0xf86bfbc6f9dffe28b2ae6c51b1e1c2363251e053,1,400000000000000,39212530,145371,4977269,1743089289,0x011db64bc7c27fc1409ffef058be10b6431a8d4b93d09ae8d0b2bca093376138,NewSale
0x529F71B8285ECbabF59359e9284E98AD05e683E7,78412,0xbc2d6E7c81E7f35473b3594031FCC4c519fD24Ad,1,0x64f7c019021ac74a68d90d08491ca43b2a632e71,1,15300000000000000000,39206075,161354,4977271,1743089293,0x1b041c077c38d3f5cb122a8700a30ed48c5ba1de2dc89818c9287da36939e017,NewSale
0xBb70cf56769300072cCf8475d3D5A8eE2c2E6801,78421,0xbc2d6E7c81E7f35473b3594031FCC4c519fD24Ad,1,0xe2d43ccf2fc2867f8ef6244b4b4078c8c74ad8f4,1,249900000000000,39172504,152878,4977275,1743089301,0x5bbc6612f18010b8f67170089ab6ddd92aa80c44f4077cb7d647aa8ec7a3753c,NewSale
0xb533153FCE970075a830eA12251FC602448f851b,78376,0x4489A334E66076933e76337E3eC7376BA84f0864,0,0x2511b400b96a01d992a438681fdec776148cb346,1,400000000000000,39420000,162459,4977276,1743089303,0x6c8d0abac06938e9626efb2a552084c620da03a367578d3fda908b124c575e42,NewSale
0x529F71B8285ECbabF59359e9284E98AD05e683E7,78412,0xbc2d6E7c81E7f35473b3594031FCC4c519fD24Ad,1,0x64f7c019021ac74a68d90d08491ca43b2a632e71,1,15300000000000000000,38856767,161354,4977291,1743089333,0x85775796fd78fae9132e647aabd4d73a55d1e3c8bd48ca5c41e697d41984bbcc,NewSale
0x1183f7BF59CFff1D6772663441BAb3aa6C27Fa99,78428,0xbc2d6E7c81E7f35473b3594031FCC4c519fD24Ad,0,0xcdc61ecaa694cfb5d662fe5915ccf9c0b37cd454,1,200000000000000,39080000,140578,4977297,1743089345,0xd9d239804b58964b0b8622aab0d4f92d783de311d0989fb51bc939604f8c04d2,NewSale
0x1183f7BF59CFff1D6772663441BAb3aa6C27Fa99,78427,0xbc2d6E7c81E7f35473b3594031FCC4c519fD24Ad,0,0xe2d43ccf2fc2867f8ef6244b4b4078c8c74ad8f4,1,220000000000000,38485428,135778,4977307,1743089365,0x03ef86811b118deff849c0a4d6aea04a157c76158eef653373e68a2827dc3a6d,NewSale
0x529F71B8285ECbabF59359e9284E98AD05e683E7,78412,0xbc2d6E7c81E7f35473b3594031FCC4c519fD24Ad,1,0x64f7c019021ac74a68d90d08491ca43b2a632e71,1,15300000000000000000,44468752,161354,4977311,1743089373,0x11a89e8c17aa7266fffa9a9839ae01aaa5347bd2e3e8ef4bac5bd7182dc02025,NewSale
0x1183f7BF59CFff1D6772663441BAb3aa6C27Fa99,78431,0xbc2d6E7c81E7f35473b3594031FCC4c519fD24Ad,1,0xe2d43ccf2fc2867f8ef6244b4b4078c8c74ad8f4,1,220000000000000,38288044,140578,4977327,1743089405,0x7aa599b20ac9820f5f8b32134d0e87741ff38e2b858a66a15b7beb3ffaed2c9d,NewSale
0x529F71B8285ECbabF59359e9284E98AD05e683E7,78412,0xbc2d6E7c81E7f35473b3594031FCC4c519fD24Ad,1,0x64f7c019021ac74a68d90d08491ca43b2a632e71,1,15300000000000000000,38208111,161354,4977331,1743089413,0xe51d1a8d62da5bbc9688202edc93dc6c8310610b128d061c9bb9f253911f0039,NewSale
0x1183f7BF59CFff1D6772663441BAb3aa6C27Fa99,78430,0xbc2d6E7c81E7f35473b3594031FCC4c519fD24Ad,1,0xe2d43ccf2fc2867f8ef6244b4b4078c8c74ad8f4,1,220000000000000,38336414,140578,4977350,1743089451,0xe1b5ac73ff66a8f15cdf84c6af3187e1c06002a7b8b5795226544a7197ed85c9,NewSale
0x529F71B8285ECbabF59359e9284E98AD05e683E7,78412,0xbc2d6E7c81E7f35473b3594031FCC4c519fD24Ad,1,0x64f7c019021ac74a68d90d08491ca43b2a632e71,1,15300000000000000000,38713113,161354,4977351,1743089453,0xc5b0fd80d265cf1a7b04c37a8c236b017f2d763f1c9932a11966449710d43c3e,NewSale
0x4092aCF3Ed8471eD969a103780991DCd5479e47B,78415,0xbc2d6E7c81E7f35473b3594031FCC4c519fD24Ad,0,0x8561bc27fc219a7c152ed063631a2ef0348e8768,1,240000000000000,38140804,135766,4977356,1743089463,0xabe31c40a87c29f35c42177b358a9811f183d1bc1d5385edbe7b68aacd4d4b22,NewSale
0xC53371AB08bF31dB28138232A88b1ac7F2bf1460,78426,0xbc2d6E7c81E7f35473b3594031FCC4c519fD24Ad,1,0xe2d43ccf2fc2867f8ef6244b4b4078c8c74ad8f4,1,249000000000000,37982649,135778,4977367,1743089485,0xecacea1bfb38dd9a37e95d99bc20fa0aced4eafb11abf92d4cd8cd519009e0ab,NewSale
0x954355Ff52AceB6583a859435DbB17De993c59CC,78340,0xdc0F91C5a4D200FfC21658901c77c0fE1A14d199,0,0x4ce608e087f836601a1170bd958aed8104665198,1,500000000000000,37809562,150183,4977369,1743089489,0x8c3369483cc18ab1c3a790eba09e583cc22e49e28770d603095b415439850687,NewSale
0x529F71B8285ECbabF59359e9284E98AD05e683E7,78412,0xbc2d6E7c81E7f35473b3594031FCC4c519fD24Ad,1,0x64f7c019021ac74a68d90d08491ca43b2a632e71,1,15300000000000000000,74565689,161354,4977372,1743089495,0x454317ccbce8f8137cf919d4b6aae7769b21d8b5f0b3588ec611b041615c20cf,NewSale
0x901f1728565fF3017aF227dBA572507D569E3a3d,78384,0xbc2d6E7c81E7f35473b3594031FCC4c519fD24Ad,1,0xe2d43ccf2fc2867f8ef6244b4b4078c8c74ad8f4,1,249900000000000,37692314,135778,4977382,1743089515,0xdcced4756a2536ba10f2a5c1994fbb59d6f76b687767b6e27debdadd1e449f8b,NewSale
0xC0DEc165A5d6e6766Fbc35c977f89535899D0411,77659,0xbc2d6E7c81E7f35473b3594031FCC4c519fD24Ad,0,0x8561bc27fc219a7c152ed063631a2ef0348e8768,1,249999980000000,37635768,142177,4977383,1743089517,0xd7a8e18c9dda4472a8c89a9b557b59a11358fa0c2da29ac5e4f45066509e5972,NewSale
0x529F71B8285ECbabF59359e9284E98AD05e683E7,78412,0xbc2d6E7c81E7f35473b3594031FCC4c519fD24Ad,1,0x64f7c019021ac74a68d90d08491ca43b2a632e71,1,15300000000000000000,37838915,161354,4977392,1743089535,0xe0c29eaf41f77bc32c62f217ac60f2da0ae0bd505260b89cf95b9839c91e060d,NewSale
0xC7308515ac564674Ac32Abe1875cEeb4d2CA1f76,78414,0xbc2d6E7c81E7f35473b3594031FCC4c519fD24Ad,1,0xe2d43ccf2fc2867f8ef6244b4b4078c8c74ad8f4,1,249900000000000,37794569,135778,4977397,1743089545,0xa21d7a8ec83969b790dfb092eed985999eb9ac75057d69c0681156bae99c3765,NewSale
0xC0DEc165A5d6e6766Fbc35c977f89535899D0411,77659,0xbc2d6E7c81E7f35473b3594031FCC4c519fD24Ad,0,0x8561bc27fc219a7c152ed063631a2ef0348e8768,1,249999980000000,37787749,142177,4977398,1743089547,0x5f72a8b5f92187eb59c6f787b61c5023e06a9a1ccfc18f977ccd646f1726f517,NewSale
0xC0DEc165A5d6e6766Fbc35c977f89535899D0411,74893,0xbc2d6E7c81E7f35473b3594031FCC4c519fD24Ad,0,0xc842df6bc2aa7f622ec8d4a43ce89cbe464d51f5,1,249999990000000,73143747,142201,4977411,1743089573,0xc0f2282b47c74e022f61cf5bfab16b993df2b6194b105b084f7f912a0c72abce,NewSale
0x490132355cB7a7273238E6fe87A0cC31751e816e,78366,0xdc0F91C5a4D200FfC21658901c77c0fE1A14d199,0,0xcf4d11423fb2e75d92b704f678b6be1fa427c022,1,1500000,37521157,181768,4977425,1743089601,0xb16defa8891dc4628b62ae62caa136e533ab8732bf6f2cf7a3a48889e2cd3b86,NewSale
0xC0DEc165A5d6e6766Fbc35c977f89535899D0411,77663,0xbc2d6E7c81E7f35473b3594031FCC4c519fD24Ad,0,0xe2d43ccf2fc2867f8ef6244b4b4078c8c74ad8f4,1,249999950000000,37247419,142201,4977431,1743089613,0xf7c88e43f1d079ec3719c32043a2e3793462674d98333b63546cd497e629c3b5,NewSale
0x4092aCF3Ed8471eD969a103780991DCd5479e47B,78388,0xbc2d6E7c81E7f35473b3594031FCC4c519fD24Ad,1,0x8561bc27fc219a7c152ed063631a2ef0348e8768,1,250000000000000,36911636,152878,4977443,1743089637,0x927ecb4cf13cc04c13ec3b16fd604b609a2a1d5b65cf24684db9e9d953b9828b,NewSale
0x529F71B8285ECbabF59359e9284E98AD05e683E7,78412,0xbc2d6E7c81E7f35473b3594031FCC4c519fD24Ad,1,0x64f7c019021ac74a68d90d08491ca43b2a632e71,1,15300000000000000000,35752053,161354,4977445,1743089641,0xaa287cda4acfedb69dbf47bb4de791df3f7d7ba4dc0d9731182d8d8e3864f300,NewSale
0x529F71B8285ECbabF59359e9284E98AD05e683E7,78412,0xbc2d6E7c81E7f35473b3594031FCC4c519fD24Ad,1,0x64f7c019021ac74a68d90d08491ca43b2a632e71,1,15300000000000000000,71616001,161354,4977465,1743089681,0xad55da9eb0a6688f8f0da967e92b3c078d7d0433f2832851ebb54482e30912af,NewSale
0x0DDDAb17d0eE1416A757758Fe4dcE96EE8Df211c,78162,0xdc0F91C5a4D200FfC21658901c77c0fE1A14d199,0,0xb9ef6244c55087b03c042fa643abf0df9bfce95e,1,560000000000000,70909365,162471,4977478,1743089707,0x1482e36a5b0151db9bba2b5516510690d665e7fa2375615a78845f20841483e3,NewSale
0x529F71B8285ECbabF59359e9284E98AD05e683E7,78412,0xbc2d6E7c81E7f35473b3594031FCC4c519fD24Ad,1,0x64f7c019021ac74a68d90d08491ca43b2a632e71,1,15300000000000000000,69911745,154943,4977486,1743089723,0xb7b6e310e44ea06d41577e7ade7e69c0cb02b0bf7329d8d170aac405bf1b18a1,NewSale
0x40B63B8415180589cF6dB79e60faeb9A48A7Aa65,78416,0xbc2d6E7c81E7f35473b3594031FCC4c519fD24Ad,1,0x6f0655e7bafb73f7dbc00bc8563703fe8504c851,1,249000000000000,34831387,152878,4977509,1743089769,0x013123482236831dd1192fc24e3464dc923af49c7302300fef5c28ae429a12f9,NewSale
0xC0DEc165A5d6e6766Fbc35c977f89535899D0411,77662,0xbc2d6E7c81E7f35473b3594031FCC4c519fD24Ad,0,0xf043df587fc106cc9d71b56ec4a7b95feceb618d,1,249999960000000,67402241,142189,4977551,1743089853,0x2fa84a2b330d7ef966db128566e094ca804d5b9777ca0d8c7cd439b4ce3b9366,NewSale
0xC0DEc165A5d6e6766Fbc35c977f89535899D0411,77659,0xbc2d6E7c81E7f35473b3594031FCC4c519fD24Ad,0,0xcb6abf5e44d4e9c9fb9bf89d50df32a8c801cf0b,1,249999980000000,67252879,159277,4977553,1743089857,0x70eed258c34ac5b80ce46d301096bfe28c66fc1eda9f4ebf1600359e1252965c,NewSale
0xdE1B94D78029ad423D98FFf321ff52bE62C90A36,78433,0xbc2d6E7c81E7f35473b3594031FCC4c519fD24Ad,1,0x5b68d1fb4fdbc1bb14cd80c2d8d830e1e01571ae,1,249000000000000,33770288,152878,4977565,1743089881,0xb98b4d9b58414ee95ceb1948662db787c4fab0717e158b53c030f1d98b09c1ac,NewSale
0x4Ce608e087f836601A1170bD958AeD8104665198,78438,0xdc0F91C5a4D200FfC21658901c77c0fE1A14d199,0,0x161f940ec338096981de6b157ea5b3a4390258b5,1,460000000000000,33434456,150183,4977590,1743089931,0x2ef51bfda12266c4cecd43adc550300a37f3e9858d1ab5ad7e3fa90f275f1068,NewSale
0xCd1585E25c4bc9Bd36dA54cf55c2f04b1F0Bb4A6,78434,0xbc2d6E7c81E7f35473b3594031FCC4c519fD24Ad,1,0xcdc61ecaa694cfb5d662fe5915ccf9c0b37cd454,1,249000000000000,33500000,135778,4977600,1743089951,0x81e1b101a3abd0b60437cf0e4d8d2f1d50a6b9d9ba26f15ac9e454ec9e2caede,NewSale
0xB36D7e5fB02687739198dF342D72AB24d98f498e,78435,0xbc2d6E7c81E7f35473b3594031FCC4c519fD24Ad,1,0x4ce608e087f836601a1170bd958aed8104665198,1,249000000000000,33146631,135778,4977616,1743089983,0xd817262d3113b447aa390c08c7406eb09b8c4d3dc0eb22a5f4d934c51523502c,NewSale
0xe7d059DA6834Da716d2b1114075A2a55202F5B4F,78071,0xdc0F91C5a4D200FfC21658901c77c0fE1A14d199,0,0x211370310a5afa44f6648c5a377c6b895464c91e,1,625000000000000,32893833,167283,4977633,1743090017,0x1ef29f568e9d35403613906f3650ef09e39b79540020e7aa2154fa3525f80cc8,NewSale
0xcB6ABF5e44D4e9C9fb9BF89D50DF32A8C801cF0b,78440,0xbc2d6E7c81E7f35473b3594031FCC4c519fD24Ad,0,0xcdc61ecaa694cfb5d662fe5915ccf9c0b37cd454,1,240000000000000,33230000,135766,4977634,1743090019,0x6d4eb9ad4fb2b9fbf680c5161460352595c3818519de143bdbfd4d622dd7b228,NewSale
0xb533153FCE970075a830eA12251FC602448f851b,78363,0xFC000E355ea1dC4A8B8e40B7A09d1fFf82596D7b,0,0x2511b400b96a01d992a438681fdec776148cb346,1,400000000000000,33090000,152850,4977637,1743090025,0x8899d6061f3674c110fc6a5e06070c7629c19b321fe697bce0a2d6ffbbc705b6,NewSale
0x1BeC57cb71D0E5AF1160968C6cb4310f63a2a10B,78439,0xbc2d6E7c81E7f35473b3594031FCC4c519fD24Ad,1,0xdc8bea5bae340f418e1a078a4f2e7e09a2a77709,1,249000000000000,32615061,152878,4977641,1743090033,0xf3b94de74fb3382ad0b557a0f45588f744e878bebff9b1b55e2fff32c4d0a324,NewSale
0x339F55e485DFD9142C2B97112DEB537B6E4E11D0,78437,0xbc2d6E7c81E7f35473b3594031FCC4c519fD24Ad,1,0x5b68d1fb4fdbc1bb14cd80c2d8d830e1e01571ae,1,249000000000000,32242266,135778,4977664,1743090079,0x59c3d26f3750b7b795c17dea25a812c37e8bf65717a8311c7e8fe76442d83160,NewSale
0xA2750288D2A263Ec344fE4eeE6f99E78d8eD519A,78441,0xbc2d6E7c81E7f35473b3594031FCC4c519fD24Ad,1,0x5b68d1fb4fdbc1bb14cd80c2d8d830e1e01571ae,1,249000000000000,32476278,135778,4977677,1743090105,0xe364f47d1e8a414edf1314bf38024ee822a29cb479c897a7fd7d73f265c72b61,NewSale
0xb533153FCE970075a830eA12251FC602448f851b,78386,0x7e5F161dd824d98AC3474eBf550716d0cb83E8C6,1,0x2511b400b96a01d992a438681fdec776148cb346,1,400000000000000,32330000,162459,4977677,1743090105,0xcb9fd83bb7aca63c5da6d38c1f0e84883dc3072a95fa9ac3b7cea8fe362c8903,NewSale
0x64f7C019021aC74A68D90D08491Ca43b2a632E71,78445,0xbc2d6E7c81E7f35473b3594031FCC4c519fD24Ad,1,0x529f71b8285ecbabf59359e9284e98ad05e683e7,1,15130000000000000000,32706495,178454,4977688,1743090127,0xcec3ff2fc4f8684719d042573428038957558a0e53acb5fcce62db1f2cb9977d,NewSale
0x4Ce608e087f836601A1170bD958AeD8104665198,78447,0xbc2d6E7c81E7f35473b3594031FCC4c519fD24Ad,1,0x5b68d1fb4fdbc1bb14cd80c2d8d830e1e01571ae,1,190000000000000,32200366,140578,4977691,1743090133,0xd6bd0da33cf498be5ebcdf97a37e4865a529d8b70889d839a4106310eedeee32,NewSale
0x64f7C019021aC74A68D90D08491Ca43b2a632E71,78445,0xbc2d6E7c81E7f35473b3594031FCC4c519fD24Ad,1,0xdfc2b24824db99f318c2b121fe0e16a8376f6288,1,15130000000000000000,39000000,182154,4977697,1743090145,0xbdea7096b192fc5fdfecfbfd57c9f04529bb6c015ddd874181602b0825c19713,NewSale
0x0bcacD352A340a4dceE9C6b7Cf247A952babc055,78443,0xbc2d6E7c81E7f35473b3594031FCC4c519fD24Ad,1,0x5b68d1fb4fdbc1bb14cd80c2d8d830e1e01571ae,1,249000000000000,31915166,135778,4977703,1743090157,0xa65f142c42dc25520bac8e931581301bfb090fd8646a66c74091759747473497,NewSale
0x64f7C019021aC74A68D90D08491Ca43b2a632E71,78445,0xbc2d6E7c81E7f35473b3594031FCC4c519fD24Ad,1,0x529f71b8285ecbabf59359e9284e98ad05e683e7,1,15130000000000000000,31764436,161354,4977709,1743090169,0x875ce3fd0cff35894f39c8a29feeff1d15441ba4edaaeecdeb34b4c7e465d469,NewSale
0x80fe121B69163E17bd4e9CC573652e29E48fa4ae,77634,0xbc2d6E7c81E7f35473b3594031FCC4c519fD24Ad,0,0xdfc2b24824db99f318c2b121fe0e16a8376f6288,1,19500000000000000000,39000000,165066,4977712,1743090175,0x6e16eee5b21d141667412a4225ff33c55c5a8bcb907051639f434e31d182d07c,NewSale
0xC0DEc165A5d6e6766Fbc35c977f89535899D0411,77663,0xbc2d6E7c81E7f35473b3594031FCC4c519fD24Ad,0,0x5b68d1fb4fdbc1bb14cd80c2d8d830e1e01571ae,1,249999950000000,31843878,142201,4977717,1743090185,0x58e719eb3c409a7456a0da0f93fb5e95ee155cacf3423521bfc48806c6757aca,NewSale
0x64f7C019021aC74A68D90D08491Ca43b2a632E71,78445,0xbc2d6E7c81E7f35473b3594031FCC4c519fD24Ad,1,0x529f71b8285ecbabf59359e9284e98ad05e683e7,1,15130000000000000000,45946999,161354,4977729,1743090209,0x148cf1774463bf58c5012db316651d62b1e7a9806f18d6504cbb22fa7d7a90a9,NewSale
0x650736E14BFD9A3d25D355507C70f2C4a0fb0848,78444,0xbc2d6E7c81E7f35473b3594031FCC4c519fD24Ad,1,0x5b68d1fb4fdbc1bb14cd80c2d8d830e1e01571ae,1,249000000000000,31697358,135778,4977736,1743090223,0xe401d4fefc60de28e22d2d82c959d2092a92ed371591c4aa84c61fcb98e0ff99,NewSale
0x80fe121B69163E17bd4e9CC573652e29E48fa4ae,77634,0xbc2d6E7c81E7f35473b3594031FCC4c519fD24Ad,0,0xdfc2b24824db99f318c2b121fe0e16a8376f6288,1,19500000000000000000,39000000,165066,4977743,1743090237,0xd9a9859e1f6a65655c5faab2f18cc941606c73345ed55cf004ec06d1126e103c,NewSale
0x64f7C019021aC74A68D90D08491Ca43b2a632E71,78445,0xbc2d6E7c81E7f35473b3594031FCC4c519fD24Ad,1,0x529f71b8285ecbabf59359e9284e98ad05e683e7,1,15130000000000000000,31353850,161354,4977749,1743090249,0xfba73bd297442d3febff52eb36256de5321439b22bf716e8a4883d58e5429727,NewSale
0x5fDc7Be186b0c9D532BB19FdB94039ED54a978f9,78448,0xbc2d6E7c81E7f35473b3594031FCC4c519fD24Ad,1,0x5b68d1fb4fdbc1bb14cd80c2d8d830e1e01571ae,1,249000000000000,31451100,135778,4977751,1743090253,0x7713f4b2099a4e8b4f3d305b3a8eab99a314ccf49e98ab69f4526b71e3babd1b,NewSale
0x80fe121B69163E17bd4e9CC573652e29E48fa4ae,77634,0xbc2d6E7c81E7f35473b3594031FCC4c519fD24Ad,0,0xdfc2b24824db99f318c2b121fe0e16a8376f6288,1,19500000000000000000,39000000,163455,4977758,1743090267,0x54a2f075f1d376055a41d686cae0746f023813698b8effbcfce6c535060327d0,NewSale
0x64f7C019021aC74A68D90D08491Ca43b2a632E71,78445,0xbc2d6E7c81E7f35473b3594031FCC4c519fD24Ad,1,0x529f71b8285ecbabf59359e9284e98ad05e683e7,1,15130000000000000000,30304230,161354,4977771,1743090293,0x4ad7e858e6f000f4949a4681268b403101eed52eeb3bee634a154cb572768a37,NewSale
0x64f7C019021aC74A68D90D08491Ca43b2a632E71,78445,0xbc2d6E7c81E7f35473b3594031FCC4c519fD24Ad,1,0xdfc2b24824db99f318c2b121fe0e16a8376f6288,1,15130000000000000000,39000000,165054,4977772,1743090295,0x8777e31089d800af2588ae7680cdb4b72278a62af625b8c7673af14135739e21,NewSale
0xC0DEc165A5d6e6766Fbc35c977f89535899D0411,77663,0xbc2d6E7c81E7f35473b3594031FCC4c519fD24Ad,0,0x6f0655e7bafb73f7dbc00bc8563703fe8504c851,1,249999950000000,31404856,142201,4977775,1743090301,0x3f6ec55c5471b688d2008eac0e385d5cccb5372b931bf29f6f406f012f6ec322,NewSale
0x0e22C7FAecBAE2b65d54CFF5644779EE4BcC921F,78450,0xbc2d6E7c81E7f35473b3594031FCC4c519fD24Ad,1,0x5b68d1fb4fdbc1bb14cd80c2d8d830e1e01571ae,1,249000000000000,31546325,135778,4977780,1743090311,0x907721e89919717dc2565727fabfb0c77fb48195c35a2e6e98bf80e37326a275,NewSale
0x64f7C019021aC74A68D90D08491Ca43b2a632E71,78445,0xbc2d6E7c81E7f35473b3594031FCC4c519fD24Ad,1,0x529f71b8285ecbabf59359e9284e98ad05e683e7,1,15130000000000000000,31267510,161354,4977790,1743090331,0xbdb8c6ea403d84c4fec3baecb5618bfbacbbe93cffae0238e6e578d5452a4754,NewSale
0xC0DEc165A5d6e6766Fbc35c977f89535899D0411,77661,0xbc2d6E7c81E7f35473b3594031FCC4c519fD24Ad,0,0x6310314a973a209d33b772fa2ff4592b7ec45290,1,249999970000000,31315783,159301,4977794,1743090339,0x1ea83aac924c399a573e2eafa89c7a7ac49a878a6694be43f28b406a9dc63fd1,NewSale
0xC0DEc165A5d6e6766Fbc35c977f89535899D0411,77663,0xbc2d6E7c81E7f35473b3594031FCC4c519fD24Ad,0,0xcdc61ecaa694cfb5d662fe5915ccf9c0b37cd454,1,249999950000000,30913547,142201,4977805,1743090361,0xdded3f5b16626f59f3852aecbd6199fb4f3368648e25ecb999ab66a8572a78c5,NewSale
0xC0DEc165A5d6e6766Fbc35c977f89535899D0411,77663,0xbc2d6E7c81E7f35473b3594031FCC4c519fD24Ad,0,0x4ce608e087f836601a1170bd958aed8104665198,1,249999950000000,30884458,142201,4977808,1743090367,0xde9a90210481bfd6b4d06fd21b7f0d68bb1dbf2704914cdafd607bf6de206fb7,NewSale
0x64f7C019021aC74A68D90D08491Ca43b2a632E71,78445,0xbc2d6E7c81E7f35473b3594031FCC4c519fD24Ad,1,0x529f71b8285ecbabf59359e9284e98ad05e683e7,1,15130000000000000000,61010547,161354,4977810,1743090371,0x857e7bbaf4b7065897d377a0a2539b2b2b6d4aa1d4167a78f0b66d60ab2a8a94,NewSale
0xb533153FCE970075a830eA12251FC602448f851b,78368,0xEB255E4669Da7FeEf1F746a5a778b4e08b65a1A7,0,0x2511b400b96a01d992a438681fdec776148cb346,1,400000000000000,30950000,162459,4977828,1743090407,0xb5948630bcbaf80345bec1d1ce1bd61ba42cead9bea659b361f77fe9ddb352ed,NewSale
0x64f7C019021aC74A68D90D08491Ca43b2a632E71,78445,0xbc2d6E7c81E7f35473b3594031FCC4c519fD24Ad,1,0x529f71b8285ecbabf59359e9284e98ad05e683e7,1,15130000000000000000,29782325,161354,4977831,1743090413,0x6be2c936623f86c2c404e578b7d90f2e03a9cb8b260d07567340262f7b7cd64b,NewSale
0xC0DEc165A5d6e6766Fbc35c977f89535899D0411,77663,0xbc2d6E7c81E7f35473b3594031FCC4c519fD24Ad,0,0x6310314a973a209d33b772fa2ff4592b7ec45290,1,249999950000000,30814006,142201,4977836,1743090423,0xcd41bfb524a89754b3074b7d239d84d930d1bf3686ed513db7b5ab2fc195ab59,NewSale
0x64f7C019021aC74A68D90D08491Ca43b2a632E71,78445,0xbc2d6E7c81E7f35473b3594031FCC4c519fD24Ad,1,0x529f71b8285ecbabf59359e9284e98ad05e683e7,1,15130000000000000000,29571141,161354,4977851,1743090453,0x699c5b9054428383162f370e9e478914286821af14655864856c4b01ee31b25d,NewSale
0xC0DEc165A5d6e6766Fbc35c977f89535899D0411,77663,0xbc2d6E7c81E7f35473b3594031FCC4c519fD24Ad,0,0xcdc61ecaa694cfb5d662fe5915ccf9c0b37cd454,1,249999950000000,30552794,142201,4977852,1743090455,0x2467bb36a272813c5f023e5d26b0d4105e0a006c47690137ebc46ac63316418e,NewSale
0x64f7C019021aC74A68D90D08491Ca43b2a632E71,78445,0xbc2d6E7c81E7f35473b3594031FCC4c519fD24Ad,1,0x529f71b8285ecbabf59359e9284e98ad05e683e7,1,15130000000000000000,30168587,161354,4977871,1743090493,0xeb358d255e9ab7da912f31c0943c4fef95beee54970a98851930d72c58d0b97c,NewSale
0x64f7C019021aC74A68D90D08491Ca43b2a632E71,78445,0xbc2d6E7c81E7f35473b3594031FCC4c519fD24Ad,1,0x529f71b8285ecbabf59359e9284e98ad05e683e7,1,15130000000000000000,29820051,161354,4977892,1743090535,0xe559bc406e479c6303e706ebab833bc909be27b3de485c8b0ce5380439953480,NewSale
0x45E9b0a70e060D3A9d2880BF201f1851B830bD8D,78451,0xbc2d6E7c81E7f35473b3594031FCC4c519fD24Ad,1,0x6310314a973a209d33b772fa2ff4592b7ec45290,1,249000000000000,29850610,152878,4977894,1743090539,0x73342479d2d3c409b9113f469077d35a58753b8f17932d7aa122fe294fefa23c,NewSale
0x64f7C019021aC74A68D90D08491Ca43b2a632E71,78445,0xbc2d6E7c81E7f35473b3594031FCC4c519fD24Ad,1,0x03b6d486e3b9c0ca35761e968deb14cd627ea821,1,15130000000000000000,29940000,182154,4977898,1743090547,0xefa23c3d371933d7d6cd87d68b5dd6adc30560d8d74ba7033a36ae62e1722800,NewSale
0x4B69376Fffe3b8F65BA0Dd1BdBE4b77f0150eE03,78454,0xbc2d6E7c81E7f35473b3594031FCC4c519fD24Ad,0,0xcdc61ecaa694cfb5d662fe5915ccf9c0b37cd454,1,200000000000000,29624673,140578,4977904,1743090559,0x551de6d1f81dc5b9b866a5e937b55508ff198605d2632f59ef73824e2b1ad52c,NewSale
0x64f7C019021aC74A68D90D08491Ca43b2a632E71,78445,0xbc2d6E7c81E7f35473b3594031FCC4c519fD24Ad,1,0x529f71b8285ecbabf59359e9284e98ad05e683e7,1,15130000000000000000,29488733,161354,4977912,1743090575,0xa9bc585417f480612de2e10f1c4ebf259c437d6521c59fa712a5690953640511,NewSale
0x64f7C019021aC74A68D90D08491Ca43b2a632E71,78445,0xbc2d6E7c81E7f35473b3594031FCC4c519fD24Ad,1,0x03b6d486e3b9c0ca35761e968deb14cd627ea821,1,15130000000000000000,29750000,165054,4977915,1743090581,0x73ba9c418c26f49c39d6fd44785a4e7830b5e0aa577d44b999173c6a00007da0,NewSale
0x64f7C019021aC74A68D90D08491Ca43b2a632E71,78445,0xbc2d6E7c81E7f35473b3594031FCC4c519fD24Ad,1,0x529f71b8285ecbabf59359e9284e98ad05e683e7,1,15130000000000000000,29202511,154943,4977933,1743090617,0x54bbe871097ba875eb77b5adca09334ce55cbcadb132552478e8a9da7e71241a,NewSale
0x80fe121B69163E17bd4e9CC573652e29E48fa4ae,77273,0xbc2d6E7c81E7f35473b3594031FCC4c519fD24Ad,0,0xdfc2b24824db99f318c2b121fe0e16a8376f6288,1,20000000000000000000,39000000,163455,4977935,1743090621,0x0f486be80b5df775646b8a666998e7ccde03103a1a9242b99977f516577b38c6,NewSale
0x80fe121B69163E17bd4e9CC573652e29E48fa4ae,76985,0xbc2d6E7c81E7f35473b3594031FCC4c519fD24Ad,0,0xdfc2b24824db99f318c2b121fe0e16a8376f6288,1,19800000000000000000,39000000,165066,4977952,1743090655,0x0dc9e473148e66b8832623efae51c05754982783712cd1c86a9a78882f0385d6,NewSale
0xC842dF6Bc2aa7f622Ec8D4a43CE89CBe464d51f5,78436,0xbc2d6E7c81E7f35473b3594031FCC4c519fD24Ad,0,0x03b6d486e3b9c0ca35761e968deb14cd627ea821,1,720000000000000,29060000,142189,4977959,1743090669,0x8f7ee9d0d7949fd38616143329e9395e917fce8a099d7f5d15962da265041f24,NewSale
0x4B69376Fffe3b8F65BA0Dd1BdBE4b77f0150eE03,78456,0xbc2d6E7c81E7f35473b3594031FCC4c519fD24Ad,0,0xcdc61ecaa694cfb5d662fe5915ccf9c0b37cd454,1,200000000000000,28703973,140578,4977964,1743090679,0x70cc8098b0113b7bb634bb0e3cb565523e3c68ea11857e83fd219fd36bc2f3c9,NewSale
0x80fe121B69163E17bd4e9CC573652e29E48fa4ae,77647,0xbc2d6E7c81E7f35473b3594031FCC4c519fD24Ad,0,0xdfc2b24824db99f318c2b121fe0e16a8376f6288,1,24000000000000000000,39000000,165066,4977973,1743090697,0x2fcb64e3a408e5605b4a422081d6a52897a6c798c1e1ce5fe9e402a4075d69af,NewSale
0x4B69376Fffe3b8F65BA0Dd1BdBE4b77f0150eE03,78459,0xbc2d6E7c81E7f35473b3594031FCC4c519fD24Ad,0,0x6310314a973a209d33b772fa2ff4592b7ec45290,1,200000000000000,28687644,140578,4977981,1743090713,0xb20f9fa31c91c148d3558934948e3aa49ed1eb597dabc92f33aeafdb9e8c33ae,NewSale
0x80fe121B69163E17bd4e9CC573652e29E48fa4ae,76985,0xbc2d6E7c81E7f35473b3594031FCC4c519fD24Ad,0,0xdfc2b24824db99f318c2b121fe0e16a8376f6288,1,19800000000000000000,30000000,165066,4977997,1743090745,0x6e029d5a4c2e30d49dddf6bc3ca7778700cec6a112e000b5e8a1d27ed56c2f2c,NewSale
0x47fb7b8Ac117A445cE54285Bb54C64a47178d7aD,78458,0xbc2d6E7c81E7f35473b3594031FCC4c519fD24Ad,1,0x6310314a973a209d33b772fa2ff4592b7ec45290,1,249000000000000,28276767,135778,4978004,1743090759,0x4a58192a8dcb0ddd231085040112dda191e00b441a066b518368d86e1578a730,NewSale
0x80fe121B69163E17bd4e9CC573652e29E48fa4ae,77647,0xbc2d6E7c81E7f35473b3594031FCC4c519fD24Ad,0,0xdfc2b24824db99f318c2b121fe0e16a8376f6288,1,24000000000000000000,30000000,165066,4978015,1743090781,0xb10d0636fce651054eff698424bc9b37379f2c5ffc6161c5fcfc499dda2333ab,NewSale
0xFCF26067E2314be8b62426E3d2b40575e322bf6b,78463,0xbc2d6E7c81E7f35473b3594031FCC4c519fD24Ad,1,0x6310314a973a209d33b772fa2ff4592b7ec45290,1,249000000000000,28075850,135778,4978029,1743090809,0x6cf95631d6525b44724c7f921147fa8c4e2540ad5d9856315ce7d0d8bafc0534,NewSale
0x529F71B8285ECbabF59359e9284E98AD05e683E7,78465,0xbc2d6E7c81E7f35473b3594031FCC4c519fD24Ad,1,0x64f7c019021ac74a68d90d08491ca43b2a632e71,1,16250000000000000000,27724221,178454,4978038,1743090827,0x23b03f10d94dc76e49d30a1b0f5ce1e4fe8cbbe21b66e29bcb58f0c1a365fe62,NewSale
0x4B69376Fffe3b8F65BA0Dd1BdBE4b77f0150eE03,78457,0xbc2d6E7c81E7f35473b3594031FCC4c519fD24Ad,0,0x46e1406f41aca80b0ce13a1c2f7a28e649ceb6b5,1,200000000000000,27890000,140578,4978054,1743090859,0xd3872b893b9efb28a8570aa10d47e5a0933e2ccdff915714770ff161c7e5b4e6,NewSale
0x529F71B8285ECbabF59359e9284E98AD05e683E7,78465,0xbc2d6E7c81E7f35473b3594031FCC4c519fD24Ad,1,0x64f7c019021ac74a68d90d08491ca43b2a632e71,1,16250000000000000000,53540026,161354,4978058,1743090867,0x99846b3495f7792227f32e89d1cbdd161eae8638a9b391e7aa1350189e68ff77,NewSale
0xC0DEc165A5d6e6766Fbc35c977f89535899D0411,77663,0xbc2d6E7c81E7f35473b3594031FCC4c519fD24Ad,0,0x03b6d486e3b9c0ca35761e968deb14cd627ea821,1,249999950000000,27840000,142201,4978063,1743090877,0x8645a9c342420f0871cf4981c9ed15eca3e601c53bfe0d34e77403f51db8e88b,NewSale
0x529F71B8285ECbabF59359e9284E98AD05e683E7,78465,0xbc2d6E7c81E7f35473b3594031FCC4c519fD24Ad,1,0x64f7c019021ac74a68d90d08491ca43b2a632e71,1,16250000000000000000,27168622,161354,4978078,1743090907,0xd55e2f4e0c9d0eccff34b52e56ee1a052c05fbddeb858f830fec08686d32e7bd,NewSale
0x9A8a11025df3F8424DbDa33cd1E046aBE9ABB809,77035,0x7e5F161dd824d98AC3474eBf550716d0cb83E8C6,0,0x6a267d9c0133f0d177932ead54b769f8f8226949,1,500000000000000,27168622,162483,4978078,1743090907,0x6e33c0bb314a2eef6be2a8605e1ba2a7772c0e07e0924631d5ca98c307b5feb6,NewSale
0xC0DEc165A5d6e6766Fbc35c977f89535899D0411,77663,0xbc2d6E7c81E7f35473b3594031FCC4c519fD24Ad,0,0x03b6d486e3b9c0ca35761e968deb14cd627ea821,1,249999950000000,27100000,142201,4978078,1743090907,0xe4b3f31f4b100d582d29bd54bd5254afcc9f8aea7b2399b7ff08aa41bb64a302,NewSale
0x4B69376Fffe3b8F65BA0Dd1BdBE4b77f0150eE03,78464,0xbc2d6E7c81E7f35473b3594031FCC4c519fD24Ad,0,0x46e1406f41aca80b0ce13a1c2f7a28e649ceb6b5,1,200000000000000,27360000,140578,4978083,1743090917,0x06e52936e301040c6a6daef42005a8fadf0e8a0ba19b94fb2389a5361df7ce96,NewSale
0x529F71B8285ECbabF59359e9284E98AD05e683E7,78465,0xbc2d6E7c81E7f35473b3594031FCC4c519fD24Ad,1,0x64f7c019021ac74a68d90d08491ca43b2a632e71,1,16250000000000000000,26844519,161354,4978099,1743090949,0x776d145473422ebf7a429407251844df65f0946cee47bf7d321eea47ecdb8ff3,NewSale
0x4B69376Fffe3b8F65BA0Dd1BdBE4b77f0150eE03,78460,0xbc2d6E7c81E7f35473b3594031FCC4c519fD24Ad,0,0x6f0655e7bafb73f7dbc00bc8563703fe8504c851,1,200000000000000,26852369,135778,4978100,1743090951,0x00f0d5d6844408678db1d90b2615c4b9556788cdcaf0874c3b1353c333a68d77,NewSale
0x1428C39C50DEfCB70eB595345ed9eFefa4bD37d1,78466,0xbc2d6E7c81E7f35473b3594031FCC4c519fD24Ad,1,0x3e4aebaf82d0202b6e2902ae590c4f08a82d26ee,1,249000000000000,26876429,135778,4978102,1743090955,0x4b7495197f47dcadbf3aa0f31ad0faa47d5ba9ad19a44179b0f295e7a99f6473,NewSale
0x4Ce608e087f836601A1170bD958AeD8104665198,78455,0xbc2d6E7c81E7f35473b3594031FCC4c519fD24Ad,0,0x6310314a973a209d33b772fa2ff4592b7ec45290,1,220000000000000,26834219,140578,4978113,1743090977,0x97bbb471643639163e34a729f9245115bfc8c67718e04344712db258f3bf2e3a,NewSale
0x6E35c6690c9A6E1f0A17b8e5303171CfF43FB95e,78468,0xbc2d6E7c81E7f35473b3594031FCC4c519fD24Ad,0,0x46e1406f41aca80b0ce13a1c2f7a28e649ceb6b5,1,200000000000000,26860000,140578,4978116,1743090983,0x60acf755c482a8bd4c085abcbece5e47e8f1c288aa5b877d7943d05a5787e2fe,NewSale
0xe7d059DA6834Da716d2b1114075A2a55202F5B4F,78079,0xdc0F91C5a4D200FfC21658901c77c0fE1A14d199,0,0xce49a32c50d754e7c58c2141fbfb7e98db66e922,1,1590000,26860000,203668,4978119,1743090989,0x907edcf538ae73cf79530d54681961baa1726cd862a2c97b30454137af8b5b3d,NewSale
0x529F71B8285ECbabF59359e9284E98AD05e683E7,78465,0xbc2d6E7c81E7f35473b3594031FCC4c519fD24Ad,1,0x64f7c019021ac74a68d90d08491ca43b2a632e71,1,16250000000000000000,26638600,161354,4978119,1743090989,0x04d8ae195b4dcb2448fef6187dd2e1ec87e4b42b74c613fbe39b82346321e040,NewSale
0x3E4aEBaF82d0202B6e2902aE590c4f08a82D26Ee,78461,0xbc2d6E7c81E7f35473b3594031FCC4c519fD24Ad,1,0x6f0655e7bafb73f7dbc00bc8563703fe8504c851,1,240000000000000,26509782,140566,4978128,1743091007,0xeded3abfd0dc2d52b98ea83fbe082e5676e148276ab9f78d0140bfd89c08f071,NewSale
0xe2d43ccf2FC2867F8ef6244B4B4078c8C74aD8f4,78469,0xbc2d6E7c81E7f35473b3594031FCC4c519fD24Ad,0,0x46e1406f41aca80b0ce13a1c2f7a28e649ceb6b5,1,200000000000000,26700000,140578,4978131,1743091013,0xab94ae8be8eb2835cbd54aec5eabbc7a893f1e09fca5fb3c6e71774d985e5fd9,NewSale
0xC0DEc165A5d6e6766Fbc35c977f89535899D0411,77663,0xbc2d6E7c81E7f35473b3594031FCC4c519fD24Ad,0,0x6310314a973a209d33b772fa2ff4592b7ec45290,1,249999950000000,26483524,142201,4978138,1743091027,0x1c583a949334da9d618891e34f549ea01fc26df668736986299a8050a7ee25b9,NewSale
0x529F71B8285ECbabF59359e9284E98AD05e683E7,78465,0xbc2d6E7c81E7f35473b3594031FCC4c519fD24Ad,1,0x64f7c019021ac74a68d90d08491ca43b2a632e71,1,16250000000000000000,26385508,161354,4978139,1743091029,0xc184efc716c3bee651b7f68ca370d9ab64eccfd7717c6fbaa9c935969732bf6c,NewSale
0x1573fA3Fed2E2143Ea97979a6428311d6c38C88a,78467,0xbc2d6E7c81E7f35473b3594031FCC4c519fD24Ad,1,0x76906dc46bece2242454566376a9a0279b383132,1,249000000000000,26226022,152878,4978151,1743091053,0xc6451714931b175ff99fcf0b02d48a13ebf49e74368c27394968a643a1bff53e,NewSale
0x529F71B8285ECbabF59359e9284E98AD05e683E7,78465,0xbc2d6E7c81E7f35473b3594031FCC4c519fD24Ad,1,0x64f7c019021ac74a68d90d08491ca43b2a632e71,1,16250000000000000000,26025694,161354,4978159,1743091069,0x98576230785cf6e8067af9af1dc6e29f12a33b5eb28a52af3b1a661386e8cf20,NewSale
0xC0DEc165A5d6e6766Fbc35c977f89535899D0411,74779,0xbc2d6E7c81E7f35473b3594031FCC4c519fD24Ad,0,0x03b6d486e3b9c0ca35761e968deb14cd627ea821,1,269999990000000,26250000,142201,4978161,1743091073,0xb54efc551da175e858175e991c751b964e82b5a6709e69ca8981945b6eca9b42,NewSale
0xD921f9A0873320235bA989FeBdd2A6B3D99F5512,78472,0xbc2d6E7c81E7f35473b3594031FCC4c519fD24Ad,1,0x76906dc46bece2242454566376a9a0279b383132,1,249000000000000,25983707,135778,4978169,1743091089,0x631a32d6bc1665da56aa2557fa41529f2a93a45f29ac4542189d847ee148a767,NewSale
0xC0DEc165A5d6e6766Fbc35c977f89535899D0411,74779,0xbc2d6E7c81E7f35473b3594031FCC4c519fD24Ad,0,0x03b6d486e3b9c0ca35761e968deb14cd627ea821,1,269999990000000,25990000,142201,4978179,1743091109,0x6ea25997650c348caeaa3539ac38e49b42d0956b583d99a7a7272fa2065af6c0,NewSale
0xC0DEc165A5d6e6766Fbc35c977f89535899D0411,77662,0xbc2d6E7c81E7f35473b3594031FCC4c519fD24Ad,0,0x6310314a973a209d33b772fa2ff4592b7ec45290,1,249999960000000,25889167,142189,4978179,1743091109,0x0178324f15c4a58e3c2b591fb7af2dd4825f03f58db76eefc1c16b9e8685a6bf,NewSale
0x529F71B8285ECbabF59359e9284E98AD05e683E7,78465,0xbc2d6E7c81E7f35473b3594031FCC4c519fD24Ad,1,0x64f7c019021ac74a68d90d08491ca43b2a632e71,1,16250000000000000000,25874628,161354,4978180,1743091111,0x94bf12ec5d55588effe1d08c2c4f5290117d06e6f9de4ec0354c75e93457ab5f,NewSale
0xe2d43ccf2FC2867F8ef6244B4B4078c8C74aD8f4,78470,0xbc2d6E7c81E7f35473b3594031FCC4c519fD24Ad,0,0x76906dc46bece2242454566376a9a0279b383132,1,200000000000000,25734051,140578,4978185,1743091121,0x8cbba615b06b78467904b814ad8bd25c8be6968a3568ff5a1a5504ae7153875e,NewSale
0xC0DEc165A5d6e6766Fbc35c977f89535899D0411,74779,0xbc2d6E7c81E7f35473b3594031FCC4c519fD24Ad,0,0x03b6d486e3b9c0ca35761e968deb14cd627ea821,1,269999990000000,25940000,142201,4978195,1743091141,0xe8ac53df153d3a7394fc0979106319229d3f4f3f8cd0f92b75e1c4630acad919,NewSale
0x529F71B8285ECbabF59359e9284E98AD05e683E7,78465,0xbc2d6E7c81E7f35473b3594031FCC4c519fD24Ad,1,0x64f7c019021ac74a68d90d08491ca43b2a632e71,1,16250000000000000000,25535976,161354,4978200,1743091151,0xf3d54b175020d0b944dd72596197ce0729fe380bd308d8fa4ba396e72c736bf1,NewSale
0xC0DEc165A5d6e6766Fbc35c977f89535899D0411,77663,0xbc2d6E7c81E7f35473b3594031FCC4c519fD24Ad,0,0x46e1406f41aca80b0ce13a1c2f7a28e649ceb6b5,1,249999950000000,25780000,142201,4978202,1743091155,0x68f5bcea0c67ad36df8ca805fadd78624d5fb92d39bba2a74dd51b4098af1d75,NewSale
0xC0DEc165A5d6e6766Fbc35c977f89535899D0411,77659,0xbc2d6E7c81E7f35473b3594031FCC4c519fD24Ad,0,0x6310314a973a209d33b772fa2ff4592b7ec45290,1,249999980000000,25526074,142177,4978202,1743091155,0xbb6a99d9e3f3a5f2b1283e74b43d9ed76b7c07a4df4f77bdc443ac3ffa75f2ac,NewSale
0xC0DEc165A5d6e6766Fbc35c977f89535899D0411,77659,0xbc2d6E7c81E7f35473b3594031FCC4c519fD24Ad,0,0xba90276a389afb0e05f51432b468ccb9207f8e96,1,249999980000000,25940000,142177,4978209,1743091169,0x4e582c31b4d80c17f49f0eb3a6f4ac3fcd27c97d0b3a3c3f9f9de7c9cc567adb,NewSale
0xC0DEc165A5d6e6766Fbc35c977f89535899D0411,77659,0xbc2d6E7c81E7f35473b3594031FCC4c519fD24Ad,0,0x6f0655e7bafb73f7dbc00bc8563703fe8504c851,1,249999980000000,25486501,142177,4978212,1743091175,0x4c9eebd31002845f2fbdfc937275b2d2e2b261ebc04f4561071e9d07828109a8,NewSale
0x529F71B8285ECbabF59359e9284E98AD05e683E7,78465,0xbc2d6E7c81E7f35473b3594031FCC4c519fD24Ad,1,0x64f7c019021ac74a68d90d08491ca43b2a632e71,1,16250000000000000000,25484437,161354,4978221,1743091193,0x74e8edb29848fc571ae7a6fb6075ac724084a0609c5484a711bf57244271892d,NewSale
0xC0DEc165A5d6e6766Fbc35c977f89535899D0411,77663,0xbc2d6E7c81E7f35473b3594031FCC4c519fD24Ad,0,0x6310314a973a209d33b772fa2ff4592b7ec45290,1,249999950000000,25595163,142201,4978229,1743091209,0xe3b37e213f99ac189b485c060b172fa6380feea2c5c55a748b9d2ffc5aec6947,NewSale
0x57D563b9261756f17C7bFF114B63471f1897d8E2,78474,0xbc2d6E7c81E7f35473b3594031FCC4c519fD24Ad,1,0xcdc61ecaa694cfb5d662fe5915ccf9c0b37cd454,1,249000000000000,25480425,135778,4978239,1743091229,0xd1a228046187247370988eda9a46bbc89b9da81d68c32fa5c1e5c85f1b548f52,NewSale
0x529F71B8285ECbabF59359e9284E98AD05e683E7,78465,0xbc2d6E7c81E7f35473b3594031FCC4c519fD24Ad,1,0x64f7c019021ac74a68d90d08491ca43b2a632e71,1,16250000000000000000,24534749,161354,4978241,1743091233,0x14bd7eb9e855822f29bffc44efc854b4825015a32d1e12262603326fe7c5de3a,NewSale
0xC0DEc165A5d6e6766Fbc35c977f89535899D0411,77661,0xbc2d6E7c81E7f35473b3594031FCC4c519fD24Ad,0,0x6310314a973a209d33b772fa2ff4592b7ec45290,1,249999970000000,25294115,142201,4978254,1743091259,0x185b3ddb8cc649f53228b5fc04e36effb2fb8787554112602b89df4b91747949,NewSale
0xbfBcA9b9229e9050cFc7a88ef87177d7DEb0802B,75390,0xbc2d6E7c81E7f35473b3594031FCC4c519fD24Ad,0,0xba90276a389afb0e05f51432b468ccb9207f8e96,1,290000000000000,25520000,140590,4978256,1743091263,0xa97b70e438fe082595d85764e105b590ca41740935b6b3865c9ee46d4f261d6a,NewSale
0x230bFf75310590b1Ac4B5Fd4fb34A7cee8282Ea9,71417,0x6aD26D68bFf8cAD6bAaeA257832854e58B08150E,0,0x2511b400b96a01d992a438681fdec776148cb346,1,600000000000000,25460000,164771,4978258,1743091267,0xd552718d0e5fd22c70ddb33774b5b41c0c6e39b0118e553546f0620fca76cacb,NewSale
0x529F71B8285ECbabF59359e9284E98AD05e683E7,78465,0xbc2d6E7c81E7f35473b3594031FCC4c519fD24Ad,1,0x64f7c019021ac74a68d90d08491ca43b2a632e71,1,16250000000000000000,25101041,161354,4978261,1743091273,0x478d6239ad27502e021bae4727d7914a27ac81a067cd5e0975870519fea74554,NewSale
0xC0DEc165A5d6e6766Fbc35c977f89535899D0411,77663,0xbc2d6E7c81E7f35473b3594031FCC4c519fD24Ad,0,0x46e1406f41aca80b0ce13a1c2f7a28e649ceb6b5,1,249999950000000,25520000,142201,4978276,1743091303,0xac6fc6c65e89bbae78a387c9d936d246e33efb757efa3b97f83bf77db26cdad8,NewSale
0xC0DEc165A5d6e6766Fbc35c977f89535899D0411,77659,0xbc2d6E7c81E7f35473b3594031FCC4c519fD24Ad,0,0x91b96de73332371972281a3b7ca49b1eb5dc1500,1,249999980000000,25213181,142165,4978281,1743091313,0xc6205ee425c08a2af835178a6cacfc341124e4b587d0ff46f7529a5999d0ffd5,NewSale
0x529F71B8285ECbabF59359e9284E98AD05e683E7,78465,0xbc2d6E7c81E7f35473b3594031FCC4c519fD24Ad,1,0x64f7c019021ac74a68d90d08491ca43b2a632e71,1,16250000000000000000,25097013,154943,4978282,1743091315,0x2d9a350d97377551a13070a90cbabf19f36739a8c2f7cdc7f2db39e51e03e210,NewSale
0x76906Dc46bECe2242454566376A9a0279B383132,78478,0xbc2d6E7c81E7f35473b3594031FCC4c519fD24Ad,0,0x46e1406f41aca80b0ce13a1c2f7a28e649ceb6b5,1,210000000000000,25120000,140578,4978292,1743091335,0xb943a3d861d406cde5d9798b8ba65195e91fd28b8f47b040efea5fc7e10386fa,NewSale
0x0F187dF8f6D441c4Fdde2210a16dA7499690A32C,78481,0xbc2d6E7c81E7f35473b3594031FCC4c519fD24Ad,0,0x46e1406f41aca80b0ce13a1c2f7a28e649ceb6b5,1,200000000000000,25250000,140578,4978307,1743091365,0xf486173d11f7fa1375fbe679475bcdb9d240b5480fe4628626cb022a163cabb2,NewSale
0x0F187dF8f6D441c4Fdde2210a16dA7499690A32C,78486,0xbc2d6E7c81E7f35473b3594031FCC4c519fD24Ad,0,0x46e1406f41aca80b0ce13a1c2f7a28e649ceb6b5,1,200000000000000,25210000,140578,4978320,1743091391,0x77a2062fd3478ba9446123db542b26a83019acab3d244ebbafc319373e85d6c3,NewSale
0x64f7C019021aC74A68D90D08491Ca43b2a632E71,78488,0xbc2d6E7c81E7f35473b3594031FCC4c519fD24Ad,1,0x529f71b8285ecbabf59359e9284e98ad05e683e7,1,15600000000000000000,24858343,178442,4978352,1743091455,0xf24ce5868f1155a251fa7c806443a437e8f814ad88e2bd34135a2ff084294d81,NewSale
0x0F187dF8f6D441c4Fdde2210a16dA7499690A32C,78489,0xbc2d6E7c81E7f35473b3594031FCC4c519fD24Ad,0,0x76906dc46bece2242454566376a9a0279b383132,1,200000000000000,24694389,135778,4978368,1743091487,0x0542c0821418d3d7b2599c45b76343cf4c55674d5116f71377444cab7f37e0ea,NewSale
0x33FD8e88a74Fec2E8ffA23916b47A8b03806A85B,78480,0xbc2d6E7c81E7f35473b3594031FCC4c519fD24Ad,0,0xdd7530a4ee4ddbb4d4a7770d8f293dc148f5d0db,1,240000000000000,24616387,140566,4978375,1743091501,0x9192143c08b12672f03403dbb1b7ec4d602e0f318f344772665a34ddd5d8acd1,NewSale
0xC0DEc165A5d6e6766Fbc35c977f89535899D0411,77662,0xbc2d6E7c81E7f35473b3594031FCC4c519fD24Ad,0,0x91b96de73332371972281a3b7ca49b1eb5dc1500,1,249999960000000,24012470,142177,4978417,1743091585,0xf37f2d37df3f295dd3e8e02f3fe68a04405e92eab0bccee42c18beb8b7d3dca1,NewSale
0x64f7C019021aC74A68D90D08491Ca43b2a632E71,78488,0xbc2d6E7c81E7f35473b3594031FCC4c519fD24Ad,1,0x529f71b8285ecbabf59359e9284e98ad05e683e7,1,15600000000000000000,23625102,161342,4978435,1743091621,0x186e666d6e066de4b382e5ebbd33dab0b0c1ff9a31b97d6654cf899243636a67,NewSale
0x76906Dc46bECe2242454566376A9a0279B383132,78487,0xbc2d6E7c81E7f35473b3594031FCC4c519fD24Ad,1,0xb0a9e474459fdc92af8b71b16861ad85730dbae6,1,211110000000000,24030000,157666,4978439,1743091629,0x64c71747718de87fa49d6ba45204868d989daf3a925775c7d617a53f2c35d3bb,NewSale
0x76906Dc46bECe2242454566376A9a0279B383132,78484,0xbc2d6E7c81E7f35473b3594031FCC4c519fD24Ad,0,0x91b96de73332371972281a3b7ca49b1eb5dc1500,1,232500000000000,23515970,140566,4978441,1743091633,0x4a36a74fbb1a70c24554176ac53b587faaa7f799a7e310f8c7514dfa97158487,NewSale
0x26D2a1Cb14D86BFb926DF82238741F703c220AeE,78425,0xbc2d6E7c81E7f35473b3594031FCC4c519fD24Ad,1,0x75283f6c9478c1a2ca7938e36950c48a891f01e6,1,400000000000000,23346447,140578,4978454,1743091659,0x192ad1fc96c6bb79e18ed0e694916b516fb1464f51fd0fcd05d34655e56c53b1,NewSale
0x64f7C019021aC74A68D90D08491Ca43b2a632E71,78488,0xbc2d6E7c81E7f35473b3594031FCC4c519fD24Ad,1,0x529f71b8285ecbabf59359e9284e98ad05e683e7,1,15600000000000000000,23366884,161342,4978456,1743091663,0x50f8f53befcce980b405b6073fa76f0521dd90d83fc65935774c05341e1cbdfa,NewSale
0xdD7530a4eE4DdBb4D4a7770d8f293dC148F5D0db,78500,0xbc2d6E7c81E7f35473b3594031FCC4c519fD24Ad,0,0xb0a9e474459fdc92af8b71b16861ad85730dbae6,1,200000000000000,23440000,140578,4978460,1743091671,0xcdc51b4a321d5bafd285f7b14b6c2e8d24ecb7a888d98bcf2fc36944a0ea5d19,NewSale
0x64f7C019021aC74A68D90D08491Ca43b2a632E71,78488,0xbc2d6E7c81E7f35473b3594031FCC4c519fD24Ad,1,0x529f71b8285ecbabf59359e9284e98ad05e683e7,1,15600000000000000000,23258899,161342,4978477,1743091705,0xaedc2e26ce3450944c85e2401337236ed54d26dd2b13b5b347af070fff98db5d,NewSale
0x64f7C019021aC74A68D90D08491Ca43b2a632E71,78488,0xbc2d6E7c81E7f35473b3594031FCC4c519fD24Ad,1,0x529f71b8285ecbabf59359e9284e98ad05e683e7,1,15600000000000000000,23286298,161342,4978497,1743091745,0x2a0684435316a344398a72b940966ff0504f58842531ef9084ddc2c4d1312865,NewSale
0xdD7530a4eE4DdBb4D4a7770d8f293dC148F5D0db,78499,0xbc2d6E7c81E7f35473b3594031FCC4c519fD24Ad,0,0xcd211024d82c8afb92a03014a211a477b10812e6,1,200000000000000,23280000,135778,4978501,1743091753,0xa95507998e255a8c196fc211600e432a429e308a327e14f66f7bda028688fd13,NewSale
0x76906Dc46bECe2242454566376A9a0279B383132,78491,0xdc0F91C5a4D200FfC21658901c77c0fE1A14d199,0,0xdd7530a4ee4ddbb4d4a7770d8f293dc148f5d0db,1,245000000000000,23176371,162471,4978504,1743091759,0x5cfc93478847e3f7cabfcda66c72191587c090899d74205afc0094db74afd875,NewSale
0xC0DEc165A5d6e6766Fbc35c977f89535899D0411,74893,0xbc2d6E7c81E7f35473b3594031FCC4c519fD24Ad,0,0x91b96de73332371972281a3b7ca49b1eb5dc1500,1,249999990000000,23224276,142189,4978508,1743091767,0x8a45a32628d9f380506a8ac368dded717662b77f8a730469c2c088d9b35d2e50,NewSale
0x118aD5dA97c75d7a875fA3D3366D871bed5D5a71,78505,0xbc2d6E7c81E7f35473b3594031FCC4c519fD24Ad,0,0xcd211024d82c8afb92a03014a211a477b10812e6,1,200000000000000,23230000,140578,4978515,1743091781,0x6574a29516d92fb1acb4c58f085edfe49c6e72c0abc88747613ee8c96f72d6fe,NewSale
0x64f7C019021aC74A68D90D08491Ca43b2a632E71,78488,0xbc2d6E7c81E7f35473b3594031FCC4c519fD24Ad,1,0x529f71b8285ecbabf59359e9284e98ad05e683e7,1,15600000000000000000,23128948,161342,4978517,1743091785,0xae54638c584b4d11e47c562ebd3c500152781cf37a51d291ced51797f4712e9e,NewSale
0x5037ec1560AA918e8f9E2405D8590F8Fd3BA6658,78493,0xbc2d6E7c81E7f35473b3594031FCC4c519fD24Ad,0,0x91b96de73332371972281a3b7ca49b1eb5dc1500,1,249900000000000,23110164,140566,4978519,1743091789,0xbde5161d898cc69a24c3b2cf2baa8d5c5539ecad0124a70a769dea884c30d8a5,NewSale
0xC0DEc165A5d6e6766Fbc35c977f89535899D0411,74893,0xbc2d6E7c81E7f35473b3594031FCC4c519fD24Ad,0,0x91b96de73332371972281a3b7ca49b1eb5dc1500,1,249999990000000,23034545,142189,4978527,1743091805,0xa3e03d3ab1fa50c7355faae214145a96f2eb6e5717c3ea8ae33a6529512493ce,NewSale
0x118aD5dA97c75d7a875fA3D3366D871bed5D5a71,78507,0xbc2d6E7c81E7f35473b3594031FCC4c519fD24Ad,0,0xcd211024d82c8afb92a03014a211a477b10812e6,1,200000000000000,23130000,140578,4978531,1743091813,0xf0b2857cca3e7f5e8c5c8a3db84c6849a69c80794e5fbd310dc07285844e7bfc,NewSale
0x649acB6AF933031871066d9eBfB809D8F618Afb2,78503,0xbc2d6E7c81E7f35473b3594031FCC4c519fD24Ad,1,0xdd7530a4ee4ddbb4d4a7770d8f293dc148f5d0db,1,249000000000000,23147892,152878,4978533,1743091817,0xfb5add9615b04488517835ae356250c4137dae1e789ae10426827d1f2fcb859d,NewSale
0x64f7C019021aC74A68D90D08491Ca43b2a632E71,78488,0xbc2d6E7c81E7f35473b3594031FCC4c519fD24Ad,1,0x529f71b8285ecbabf59359e9284e98ad05e683e7,1,15600000000000000000,23090011,161342,4978537,1743091825,0x52b7762ae73f847d77969958f9957804cdfc9cda639bf31dd4d8478a80855f00,NewSale
0x76906Dc46bECe2242454566376A9a0279B383132,78482,0xbc2d6E7c81E7f35473b3594031FCC4c519fD24Ad,1,0x2efa30d93081b156bc7d8b6c06fd47df47ed9c48,1,221500000000000,23100000,152878,4978538,1743091827,0x81a599313e5a0594c0ec5fe751f2c3a9e8c5aa788c344539a281925987eb9767,NewSale
0x118aD5dA97c75d7a875fA3D3366D871bed5D5a71,78512,0xbc2d6E7c81E7f35473b3594031FCC4c519fD24Ad,0,0xcd211024d82c8afb92a03014a211a477b10812e6,1,200000000000000,23190000,140578,4978549,1743091849,0x0f6503051e36cb26dd07df21bcbfa248dfea264909a5652857c18d90aad49935,NewSale
0x64f7C019021aC74A68D90D08491Ca43b2a632E71,78488,0xbc2d6E7c81E7f35473b3594031FCC4c519fD24Ad,1,0x529f71b8285ecbabf59359e9284e98ad05e683e7,1,15600000000000000000,23224600,161342,4978559,1743091869,0x473b9d597c76115c56a6525f050c49cce241b2b8ec07cfcebe4d75db4f8fcc8b,NewSale
0x118aD5dA97c75d7a875fA3D3366D871bed5D5a71,78513,0xbc2d6E7c81E7f35473b3594031FCC4c519fD24Ad,0,0xcd211024d82c8afb92a03014a211a477b10812e6,1,200000000000000,23240000,135778,4978564,1743091879,0xd8ef70cc09c756bccc1a839baacc14b883ace4360f6aaf03d7660f81af1fc2d0,NewSale
0x64f7C019021aC74A68D90D08491Ca43b2a632E71,78488,0xbc2d6E7c81E7f35473b3594031FCC4c519fD24Ad,1,0x529f71b8285ecbabf59359e9284e98ad05e683e7,1,15600000000000000000,23133844,161342,4978578,1743091907,0x0bcaf983d7954fe7d697e5a7b5edb1cf92daba2a1b8b31f83edbe6448308a9b3,NewSale
0x6310314a973A209d33B772FA2FF4592B7Ec45290,78517,0xbc2d6E7c81E7f35473b3594031FCC4c519fD24Ad,0,0xcd211024d82c8afb92a03014a211a477b10812e6,1,200000000000000,23190000,140578,4978581,1743091913,0x9155b411fda5da79bf56050fb7200b71edfa2ae08e25ee178b07fd817a4c2413,NewSale
0x64f7C019021aC74A68D90D08491Ca43b2a632E71,78488,0xbc2d6E7c81E7f35473b3594031FCC4c519fD24Ad,1,0x529f71b8285ecbabf59359e9284e98ad05e683e7,1,15600000000000000000,23178327,161342,4978598,1743091947,0xbf4ed738cbe9cfe70e483cb38897c174938d69baee870c3e05ca0b95541bdd19,NewSale
0x2511b400B96A01D992a438681fdEC776148Cb346,78518,0x6aD26D68bFf8cAD6bAaeA257832854e58B08150E,0,0x75283f6c9478c1a2ca7938e36950c48a891f01e6,1,500000000000000,23254072,162483,4978610,1743091971,0xd0971be2ee8a0443f17f4bbb250039635b78e69b3fbe499ebea262ef0f2a4496,NewSale
0xa1EA7baA58a260E9fE4646987c7e957B09429079,78477,0xbc2d6E7c81E7f35473b3594031FCC4c519fD24Ad,1,0xbdec88012b9a03496645078aa5b2e1f7676ba0a5,1,249000000000000,23310000,152878,4978619,1743091989,0x615f3d95cdf05d86b177218953a0033c2cfcf26b00eec598744834461b5aaf8a,NewSale
0x64f7C019021aC74A68D90D08491Ca43b2a632E71,78488,0xbc2d6E7c81E7f35473b3594031FCC4c519fD24Ad,1,0x529f71b8285ecbabf59359e9284e98ad05e683e7,1,15600000000000000000,23281014,161342,4978619,1743091989,0xf89db37db0c62c144774cfaab0e5406653b46c6733e65f5deaa9aeb44c3eb85d,NewSale
0xb0a9e474459FDC92Af8B71B16861AD85730dbAE6,78520,0xbc2d6E7c81E7f35473b3594031FCC4c519fD24Ad,0,0x7c1a642a3666644b604f9b0dfebcf9832b0bf21f,1,195000000000000,23377127,140578,4978632,1743092015,0xc057b3477240e0501d8511ffa463e6f332d336110fd73cc5bab7ef15d0d5637d,NewSale
0x64f7C019021aC74A68D90D08491Ca43b2a632E71,78488,0xbc2d6E7c81E7f35473b3594031FCC4c519fD24Ad,1,0x529f71b8285ecbabf59359e9284e98ad05e683e7,1,15600000000000000000,23265077,161342,4978639,1743092029,0x26edf955c8d6a8075b3a8423e4845ebc21e36a78dd00991dc91d740ce81b3419,NewSale
0x64f7C019021aC74A68D90D08491Ca43b2a632E71,78488,0xbc2d6E7c81E7f35473b3594031FCC4c519fD24Ad,1,0x529f71b8285ecbabf59359e9284e98ad05e683e7,1,15600000000000000000,22974742,154931,4978659,1743092069,0x09e401aa370e5d66bad3127a954a896f466b164cdba50eab88fd620856e20570,NewSale
0xcd211024D82c8Afb92A03014A211A477b10812e6,78541,0xbc2d6E7c81E7f35473b3594031FCC4c519fD24Ad,0,0x2d4b5b5c8d1980d3f5e5f858f6163ed8b1c5dfaa,1,185000000000000,23066341,140578,4978660,1743092071,0x0bc1ca378044d0d437d841634143b2d7c016ae3f7a914140b4ede914a19f04ed,NewSale
0x66f80A55ffD549309a5352202BdD11b96C72d6eD,77729,0xbFCACb23F0B41EeEDFf7d04f52CE8f5125150806,7,0x0550c1896e1ec50f2781b3d19676ffdfe148f004,1,650000000000000,23300350,162483,4978672,1743092095,0xd2b2cc7146e36c24e8777c4c22d00d958269929fc927e3fb65e0aba74f42c8a1,NewSale
0x91B96de73332371972281A3b7Ca49b1Eb5dC1500,78532,0xbc2d6E7c81E7f35473b3594031FCC4c519fD24Ad,0,0xb48960fe13ad996ba58cdf0797f94591887e2a43,1,200000000000000,23040000,157678,4978673,1743092097,0x4ee1ed27bc014fdfe8d4bd9cdf0c3574a0bd94aac8167384e886ac7b2ff334b2,NewSale
0xcd211024D82c8Afb92A03014A211A477b10812e6,78543,0xbc2d6E7c81E7f35473b3594031FCC4c519fD24Ad,0,0x2d4b5b5c8d1980d3f5e5f858f6163ed8b1c5dfaa,1,185000000000000,22770699,140578,4978678,1743092107,0x1c0825149cd138295c8be27162a6386b8a06c0ca87644de09b170bdd4b3cb028,NewSale
0x9D3732727D5d56C2234264aB0154111EB91dD0CA,78542,0xbc2d6E7c81E7f35473b3594031FCC4c519fD24Ad,0,0xdd7530a4ee4ddbb4d4a7770d8f293dc148f5d0db,1,279700000000000,43892129,157678,4978704,1743092159,0x6478afc55b5bd0a40a5d4c4d050ca0589e95c64da374b2d108d1d3f359373c8f,NewSale
0xdD7530a4eE4DdBb4D4a7770d8f293dC148F5D0db,78525,0xdc0F91C5a4D200FfC21658901c77c0fE1A14d199,0,0xe4f4baed82d30f2244fe1722aeda37def4b38ddc,1,240000000000000,22503805,145359,4978733,1743092217,0xa04e365e0defcfb624e7d58089a2501d7f71ff68167f049c6a3d1060cb4dbb4d,NewSale
0x529F71B8285ECbabF59359e9284E98AD05e683E7,78560,0xbc2d6E7c81E7f35473b3594031FCC4c519fD24Ad,1,0x64f7c019021ac74a68d90d08491ca43b2a632e71,1,15990000000000000000,22919941,178454,4978743,1743092237,0xdbcb2a86f5c5dbf8c000fa70697b3a4c29cd4165fee0f7d9dfc58772839a1a77,NewSale
0x91B96de73332371972281A3b7Ca49b1Eb5dC1500,78526,0xbc2d6E7c81E7f35473b3594031FCC4c519fD24Ad,0,0xb48960fe13ad996ba58cdf0797f94591887e2a43,1,230000000000000,22530000,140578,4978746,1743092243,0x8734c91ac4ad7bfcb00b01e7c791a2247e61fb1d6ce6210405903c700da382a0,NewSale
0x2511b400B96A01D992a438681fdEC776148Cb346,78551,0x2Bf46D4497e98FbA2304B0d2453922FFf559Ea02,39,0x75283f6c9478c1a2ca7938e36950c48a891f01e6,1,500000000000000,22359751,162483,4978749,1743092249,0xe300646253c9dc4f625f4b3a1ed59f9e0b3ff2b757d728f671efad4fc5eb1327,NewSale
0x529F71B8285ECbabF59359e9284E98AD05e683E7,78560,0xbc2d6E7c81E7f35473b3594031FCC4c519fD24Ad,1,0x64f7c019021ac74a68d90d08491ca43b2a632e71,1,15990000000000000000,22478266,161354,4978763,1743092277,0x027bca4154952fc097e0cfe04ec05ceffda9616fbcbfca0c7b36d4c53b7df601,NewSale
0x8505E4D753193aF3C2F80Bc8b8159725758194D1,77248,0x7e5F161dd824d98AC3474eBf550716d0cb83E8C6,0,0x0550c1896e1ec50f2781b3d19676ffdfe148f004,1,500000000000000,23958286,167283,4978772,1743092295,0xb1ecb57efd90f074cd355b80c9a4fb5454c1d16af0c76ed7b644ce1d883dafe0,NewSale
0xb0a9e474459FDC92Af8B71B16861AD85730dbAE6,78549,0xbc2d6E7c81E7f35473b3594031FCC4c519fD24Ad,0,0xb48960fe13ad996ba58cdf0797f94591887e2a43,1,190000000000000,22470000,135778,4978776,1743092303,0x522318b282949034c5c24c093427f35e17bc8fcd494a012bee20c0852db8f8b3,NewSale
0x529F71B8285ECbabF59359e9284E98AD05e683E7,78560,0xbc2d6E7c81E7f35473b3594031FCC4c519fD24Ad,1,0x64f7c019021ac74a68d90d08491ca43b2a632e71,1,15990000000000000000,22347451,161354,4978783,1743092317,0x5a8df2f84613230e024bcb7b2e1787c70a909cc8911dd40486a710191a69773a,NewSale
0x6310314a973A209d33B772FA2FF4592B7Ec45290,78534,0xbc2d6E7c81E7f35473b3594031FCC4c519fD24Ad,0,0xbdec88012b9a03496645078aa5b2e1f7676ba0a5,1,200000000000000,22390000,140578,4978790,1743092331,0xe90f3e2cd14ba939e0e33f29f6e86c3a8b88a2422f97c893cf29b2fff00b729b,NewSale
0xcd211024D82c8Afb92A03014A211A477b10812e6,78561,0xbc2d6E7c81E7f35473b3594031FCC4c519fD24Ad,0,0xb48960fe13ad996ba58cdf0797f94591887e2a43,1,185000000000000,22390000,140578,4978803,1743092357,0x1073cd519a77e23921ae8187b416511586926759c875baea4bc2a1b1e8ad8c62,NewSale
0x529F71B8285ECbabF59359e9284E98AD05e683E7,78560,0xbc2d6E7c81E7f35473b3594031FCC4c519fD24Ad,1,0x64f7c019021ac74a68d90d08491ca43b2a632e71,1,15990000000000000000,22272844,161354,4978803,1743092357,0x1e300928a8a5ba56a1880c68f466b4065bb6a9758cd873fb13ba8dc31642354b,NewSale
0x6310314a973A209d33B772FA2FF4592B7Ec45290,78522,0xbc2d6E7c81E7f35473b3594031FCC4c519fD24Ad,1,0x7c1a642a3666644b604f9b0dfebcf9832b0bf21f,1,200000000000000,22360000,157678,4978821,1743092393,0x4d9830cbe7126f1893ecb8829ddc6a9a911d2532c51f7e66dd722fa4cda375c2,NewSale
0x529F71B8285ECbabF59359e9284E98AD05e683E7,78560,0xbc2d6E7c81E7f35473b3594031FCC4c519fD24Ad,1,0x64f7c019021ac74a68d90d08491ca43b2a632e71,1,15990000000000000000,22353191,161354,4978823,1743092397,0x30c5c8066f11e70c146c8dc3def1f19e3e66d8f129191022cc74aacbdc702f37,NewSale
0xcd211024D82c8Afb92A03014A211A477b10812e6,78571,0xbc2d6E7c81E7f35473b3594031FCC4c519fD24Ad,0,0x9ea3b46ee2c29fad7abf4083909a3bbf332bb6a6,1,185000000000000,23920392,140578,4978824,1743092399,0xd9ab263c7b30d5affb082c27ba12822e9009640aec7210f304821e5bae48781d,NewSale
0xcd211024D82c8Afb92A03014A211A477b10812e6,78550,0xbc2d6E7c81E7f35473b3594031FCC4c519fD24Ad,0,0x9ea3b46ee2c29fad7abf4083909a3bbf332bb6a6,1,185000000000000,23921483,140578,4978825,1743092401,0x92f58c6d0db22faa4c22f20f411a2b9877eb89d49abc184f504e2fd1f96a64ee,NewSale
0xcd211024D82c8Afb92A03014A211A477b10812e6,78568,0xbc2d6E7c81E7f35473b3594031FCC4c519fD24Ad,0,0xb48960fe13ad996ba58cdf0797f94591887e2a43,1,185000000000000,22350000,140578,4978832,1743092415,0xd751b3afb9d24aa5fd02a7570843531f403431344b3a31efe2368ea060d59a56,NewSale
0x6310314a973A209d33B772FA2FF4592B7Ec45290,78554,0xbc2d6E7c81E7f35473b3594031FCC4c519fD24Ad,1,0x9ea3b46ee2c29fad7abf4083909a3bbf332bb6a6,1,200000000000000,24027350,157678,4978837,1743092425,0x2d555fdecaf203eb69c80a2f48259d229b09852f59e8fd493f50da47b3c50e05,NewSale
0xcd211024D82c8Afb92A03014A211A477b10812e6,78559,0xbc2d6E7c81E7f35473b3594031FCC4c519fD24Ad,0,0x9ea3b46ee2c29fad7abf4083909a3bbf332bb6a6,1,185000000000000,24010542,135778,4978839,1743092429,0xd2a7522a71f9b02290821f2a82b38c647977d9dcbb5f8fde4bf6c4a900c2dcf7,NewSale
0x91B96de73332371972281A3b7Ca49b1Eb5dC1500,78540,0xbc2d6E7c81E7f35473b3594031FCC4c519fD24Ad,0,0x9ea3b46ee2c29fad7abf4083909a3bbf332bb6a6,1,200000000000000,43687072,140578,4978842,1743092435,0xb28b6c96c4b6dac67058571478ea6ff992dd8686ce60b73a425e49b524a40f1b,NewSale
0xdD7530a4eE4DdBb4D4a7770d8f293dC148F5D0db,78504,0xbc2d6E7c81E7f35473b3594031FCC4c519fD24Ad,0,0x9ea3b46ee2c29fad7abf4083909a3bbf332bb6a6,1,200000000000000,43652237,135778,4978843,1743092437,0xb400748da58e4eeb2b37f8a248d41e2dfab46f84fed9a8126ab51c4139891cec,NewSale
0x529F71B8285ECbabF59359e9284E98AD05e683E7,78560,0xbc2d6E7c81E7f35473b3594031FCC4c519fD24Ad,1,0x64f7c019021ac74a68d90d08491ca43b2a632e71,1,15990000000000000000,24114316,161354,4978843,1743092437,0x88d2937b7dcc3a260b4eb03919cd941554a433325fc0b374f0b89d442ff9f795,NewSale
0xBA90276a389aFb0E05F51432B468cCb9207f8E96,78562,0xbc2d6E7c81E7f35473b3594031FCC4c519fD24Ad,0,0x56e32f2972598581c0cd5cfa9bc6c40cd84d96fa,1,260000000000000,22429119,140578,4978844,1743092439,0x8f3af56f076e513cf7ce69a55628bb6a46b603bef1f131ed4c5b79594366aee1,NewSale
0x6310314a973A209d33B772FA2FF4592B7Ec45290,78565,0xbc2d6E7c81E7f35473b3594031FCC4c519fD24Ad,0,0x9ea3b46ee2c29fad7abf4083909a3bbf332bb6a6,1,200000000000000,43705927,140578,4978846,1743092443,0x9773b10ca7c0d007bd7dd1bca29725ae30ac7028b83e626c6b96c34114d5f8a8,NewSale
0x529F71B8285ECbabF59359e9284E98AD05e683E7,78560,0xbc2d6E7c81E7f35473b3594031FCC4c519fD24Ad,1,0x64f7c019021ac74a68d90d08491ca43b2a632e71,1,15990000000000000000,22820595,161354,4978863,1743092477,0x116329e83a43e7f03730c67530352bc8972bcef909e93a39eb0aef8155580c29,NewSale
0x667083be53c798DB021be36351a553D607bB9D9A,78564,0xbc2d6E7c81E7f35473b3594031FCC4c519fD24Ad,1,0xb48960fe13ad996ba58cdf0797f94591887e2a43,1,249000000000000,22460000,152878,4978874,1743092499,0x7e0615ae2221efd04b7a25223fb78e5afc3aad0c792487c41835f7cc9c3ceb68,NewSale
0x6310314a973A209d33B772FA2FF4592B7Ec45290,78582,0xbc2d6E7c81E7f35473b3594031FCC4c519fD24Ad,1,0x9ea3b46ee2c29fad7abf4083909a3bbf332bb6a6,1,200000000000000,43597860,135778,4978879,1743092509,0x478ac39fc8ba8a0af04b1bafd9367f0744340c931ec9818b55231dab07e7dea5,NewSale
0x111A5539eb9f9Ef17C3b6fdC7855b09825da1B4c,78586,0xbc2d6E7c81E7f35473b3594031FCC4c519fD24Ad,0,0x9ea3b46ee2c29fad7abf4083909a3bbf332bb6a6,1,200000000000000,43574080,140578,4978880,1743092511,0x2c43295a3f8216908443d17b57a8a57796977b351707914241a0851fc1b4f938,NewSale
0x6310314a973A209d33B772FA2FF4592B7Ec45290,78584,0xbc2d6E7c81E7f35473b3594031FCC4c519fD24Ad,0,0x9ea3b46ee2c29fad7abf4083909a3bbf332bb6a6,1,200000000000000,43574080,140578,4978880,1743092511,0x5bc9165f2b2ca01e4d5fdf4b57fd7285e4c64d5e37bc5b2b7357536a11d0d386,NewSale
0x529F71B8285ECbabF59359e9284E98AD05e683E7,78560,0xbc2d6E7c81E7f35473b3594031FCC4c519fD24Ad,1,0x64f7c019021ac74a68d90d08491ca43b2a632e71,1,15990000000000000000,43499682,161354,4978884,1743092519,0xd950345f8150023a2f8c5725a716cbda247304f08cc6f416d96961470d77249b,NewSale
0x6310314a973A209d33B772FA2FF4592B7Ec45290,78574,0xbc2d6E7c81E7f35473b3594031FCC4c519fD24Ad,0,0x919c6c8b425a1bdc9634d2abf38664d0cab50c70,1,200000000000000,43516544,157678,4978899,1743092549,0x6528f9d7a48797edf508bcb6c45e1c8d484b969a3c6463a5f5bb113ee5cb7326,NewSale
0xAB0E2Ee24Fe02ee9D3Fdfb64a2fD7a16b8a4A759,78569,0xbc2d6E7c81E7f35473b3594031FCC4c519fD24Ad,1,0xb48960fe13ad996ba58cdf0797f94591887e2a43,1,249000000000000,22360000,135778,4978902,1743092555,0xe2f24f2dcddc547cd39cace0e2212614dc5fd76083d3194c1382895378948c08,NewSale
0x46E1406F41aCa80B0cE13a1c2F7a28E649CeB6B5,78575,0xbc2d6E7c81E7f35473b3594031FCC4c519fD24Ad,0,0x9ea3b46ee2c29fad7abf4083909a3bbf332bb6a6,1,200000000000000,43396054,140578,4978904,1743092559,0xa78f282fc3a5d985a59d8a293bd332c806d0b1beb1dde471de1533a05c84cfcb,NewSale
0x529F71B8285ECbabF59359e9284E98AD05e683E7,78560,0xbc2d6E7c81E7f35473b3594031FCC4c519fD24Ad,1,0x64f7c019021ac74a68d90d08491ca43b2a632e71,1,15990000000000000000,43396054,161354,4978904,1743092559,0x8566af56576a913c4b9331fbfa5f514146c1efa78255f9022bac57ee0f75614d,NewSale
0x111A5539eb9f9Ef17C3b6fdC7855b09825da1B4c,78589,0xbc2d6E7c81E7f35473b3594031FCC4c519fD24Ad,0,0x9ea3b46ee2c29fad7abf4083909a3bbf332bb6a6,1,200000000000000,43396054,140578,4978904,1743092559,0x483b9e195871f8b352863d8e12607b075e5a7117bc26285dbe9c8e615ff050cf,NewSale
0x529F71B8285ECbabF59359e9284E98AD05e683E7,78560,0xbc2d6E7c81E7f35473b3594031FCC4c519fD24Ad,1,0x64f7c019021ac74a68d90d08491ca43b2a632e71,1,15990000000000000000,22149106,161354,4978924,1743092599,0x75c8f461ccabb1df3f70c597b7492e70702829954b6891e1bb1797bc6bebe17d,NewSale
0x3820986C85a1BedF846e427716d6FA2106F6CbDa,78553,0xbc2d6E7c81E7f35473b3594031FCC4c519fD24Ad,1,0x56e32f2972598581c0cd5cfa9bc6c40cd84d96fa,1,249000000000000,21956532,152878,4978928,1743092607,0x41f4a294b31629769037ae206531365b893fb9f11c1154a1a41143838c623013,NewSale
0x230bFf75310590b1Ac4B5Fd4fb34A7cee8282Ea9,73327,0x6aD26D68bFf8cAD6bAaeA257832854e58B08150E,8,0x236812ff178f2da418b8e238dfe068687cb2848b,1,600000000000000,21841861,164783,4978943,1743092637,0xf715488b0e864b16383acd756c5457d4a97d10ae7835064740f93480ecf9b0b1,NewSale
0x529F71B8285ECbabF59359e9284E98AD05e683E7,78560,0xbc2d6E7c81E7f35473b3594031FCC4c519fD24Ad,1,0x64f7c019021ac74a68d90d08491ca43b2a632e71,1,15990000000000000000,42610416,161354,4978945,1743092641,0x2a0b3716a542b3dc01e34654bb839e223b7b483050290802809d5d21d2ac23e7,NewSale
0xBA90276a389aFb0E05F51432B468cCb9207f8E96,78570,0xbc2d6E7c81E7f35473b3594031FCC4c519fD24Ad,0,0xb48960fe13ad996ba58cdf0797f94591887e2a43,1,300000000000000,21970000,140590,4978963,1743092677,0xcaa9dcce02a72c308f8cd40584b2573fc1e318f008e00ab7ca55e847eb4c80b6,NewSale
0x529F71B8285ECbabF59359e9284E98AD05e683E7,78560,0xbc2d6E7c81E7f35473b3594031FCC4c519fD24Ad,1,0x64f7c019021ac74a68d90d08491ca43b2a632e71,1,15990000000000000000,42013711,161354,4978965,1743092681,0x52d1eb4bf363857b1eb9cc8abe0b714160b1aaac59c71556fef13b1d4ed2e7f3,NewSale
0x8B86ea43F2a583eEC63e7Ae5B0c3D215593347C9,78085,0xdc0F91C5a4D200FfC21658901c77c0fE1A14d199,0,0x810816a0f73590d43160d6ec14399acb8124e4bb,1,600000000000000,21840000,145383,4978983,1743092717,0xf4eea4ffaf7c0f00a2f8ad014d66545bf86a5177ca49343321860bd8a96ea02f,NewSale
0x529F71B8285ECbabF59359e9284E98AD05e683E7,78560,0xbc2d6E7c81E7f35473b3594031FCC4c519fD24Ad,1,0x64f7c019021ac74a68d90d08491ca43b2a632e71,1,15990000000000000000,27630850,154943,4978986,1743092723,0xc6f27681c4787d4f642715ee298c31633cf9c4ae492f5be9b03f458c6ca692da,NewSale
0x111A5539eb9f9Ef17C3b6fdC7855b09825da1B4c,78600,0xbc2d6E7c81E7f35473b3594031FCC4c519fD24Ad,0,0x919c6c8b425a1bdc9634d2abf38664d0cab50c70,1,200000000000000,41566688,140578,4978994,1743092739,0xf5cd81defc307b8c1b9f963173e24f7d003543c43510835e9df295c3608ad216,NewSale
0x48F433785c42bDCF27Dbb29EA0A129ad3D7d2A9B,78602,0xbc2d6E7c81E7f35473b3594031FCC4c519fD24Ad,0,0xb48960fe13ad996ba58cdf0797f94591887e2a43,1,190000000000000,21840000,135778,4978997,1743092745,0xbd4f180767ce3137fd576e9d1979c1df33e06cae26d9b2bc43fb858de7fd6c0e,NewSale
0x111A5539eb9f9Ef17C3b6fdC7855b09825da1B4c,78605,0xbc2d6E7c81E7f35473b3594031FCC4c519fD24Ad,0,0xb48960fe13ad996ba58cdf0797f94591887e2a43,1,200000000000000,21270000,135778,4979018,1743092787,0xd6c0f2d86b7b9f844fc05fb4cd4de4b41afd0346394e06a3ccd28eecf7db25cd,NewSale
0xE4f4BaEd82d30f2244fE1722aeda37dEF4B38Ddc,78596,0xdc0F91C5a4D200FfC21658901c77c0fE1A14d199,0,0x75283f6c9478c1a2ca7938e36950c48a891f01e6,1,600000000000000,21007909,167283,4979024,1743092799,0x78d7dd61c8a5905bc3bd9de7f11ee54331758a10e2a15bf776b0ea96665aba40,NewSale
0x64f7C019021aC74A68D90D08491Ca43b2a632E71,78611,0xbc2d6E7c81E7f35473b3594031FCC4c519fD24Ad,1,0x529f71b8285ecbabf59359e9284e98ad05e683e7,1,15600000000000000000,40849343,178442,4979041,1743092833,0x749fede1f1adaf91fd4e96f6d8eca378ce92132e2ebdcf8d7c9cd830f0b38849,NewSale
0x7C1A642A3666644B604F9b0DFEbCF9832B0Bf21f,78597,0xbc2d6E7c81E7f35473b3594031FCC4c519fD24Ad,1,0x919c6c8b425a1bdc9634d2abf38664d0cab50c70,1,200000000000000,40702948,152878,4979059,1743092869,0x5e724b83daece742854b079badfe2785291c9389153dcdfc896a0e2cdd2f2046,NewSale
0x64f7C019021aC74A68D90D08491Ca43b2a632E71,78611,0xbc2d6E7c81E7f35473b3594031FCC4c519fD24Ad,1,0x529f71b8285ecbabf59359e9284e98ad05e683e7,1,15600000000000000000,40650843,161342,4979061,1743092873,0x2f6eeb665a0745812c402f535b3ca07b8412df79c6649b9a7c876389585ca578,NewSale
0x64f7C019021aC74A68D90D08491Ca43b2a632E71,78611,0xbc2d6E7c81E7f35473b3594031FCC4c519fD24Ad,1,0x529f71b8285ecbabf59359e9284e98ad05e683e7,1,15600000000000000000,21419458,161342,4979081,1743092913,0x9b6652a875a36de50200cd8aa321235f6306a69662773fa40fb1d7d39617f2d5,NewSale
0x6310314a973A209d33B772FA2FF4592B7Ec45290,78604,0xbc2d6E7c81E7f35473b3594031FCC4c519fD24Ad,0,0x51ad0b2ef2540d9336ec77e6e5a53f62539b4923,1,200000000000000,20985995,157678,4979085,1743092921,0x38e8009a537e7a5d803464a36abd41788d33a1854220daeaa649c2cb270fdcea,NewSale
0xb0a9e474459FDC92Af8B71B16861AD85730dbAE6,78529,0xbc2d6E7c81E7f35473b3594031FCC4c519fD24Ad,1,0x6ce77c6eb239a8bcb4154ae4f0710148f3e3316c,1,220000000000000,40781792,152878,4979097,1743092945,0x4ff32247f0c9268a76b4e4633abb0024e8291d4d2a8d97921b2ee32f677238b2,NewSale
0x6310314a973A209d33B772FA2FF4592B7Ec45290,78608,0xbc2d6E7c81E7f35473b3594031FCC4c519fD24Ad,0,0x51ad0b2ef2540d9336ec77e6e5a53f62539b4923,1,200000000000000,21036689,140578,4979099,1743092949,0x716db1287c205816e1ddb27cd43336f2f581f9b9f8ed94c8147a49307ac833c1,NewSale
0x64f7C019021aC74A68D90D08491Ca43b2a632E71,78611,0xbc2d6E7c81E7f35473b3594031FCC4c519fD24Ad,1,0x529f71b8285ecbabf59359e9284e98ad05e683e7,1,15600000000000000000,20865133,161342,4979101,1743092953,0x465a8520cebcecaad629a852209fb5db46afbf4cb7724d55232609982376daea,NewSale
0x1BF4839Ad197A1ebBDa0ca927CB9AC5Bd9eAf197,78588,0xbc2d6E7c81E7f35473b3594031FCC4c519fD24Ad,1,0x55cf851bbea90c64d97003258f18ed6643f3d4bb,1,249000000000000,21460000,152878,4979103,1743092957,0x5c4a0970cf3ace8d4e8e10e40f4ff943584814a3fbd3b4a975e2735e6bb1d28c,NewSale
0x6310314a973A209d33B772FA2FF4592B7Ec45290,78609,0xbc2d6E7c81E7f35473b3594031FCC4c519fD24Ad,0,0xc57cfd16526abb402b9cc82a423ff79ac691a66c,1,200000000000000,21051046,140578,4979108,1743092967,0x2f623d33ad520bf2b2208e17c4fbb772a1f849836acb285afb0f79093db6b5f8,NewSale
0x64f7C019021aC74A68D90D08491Ca43b2a632E71,78611,0xbc2d6E7c81E7f35473b3594031FCC4c519fD24Ad,1,0x529f71b8285ecbabf59359e9284e98ad05e683e7,1,15600000000000000000,21334489,161342,4979122,1743092995,0x694c3057cc2eef8c12a383c70be20c41a76bfec94e03021bba9ef2cde63bbeab,NewSale
0x91B96de73332371972281A3b7Ca49b1Eb5dC1500,78545,0xbc2d6E7c81E7f35473b3594031FCC4c519fD24Ad,0,0x6ce77c6eb239a8bcb4154ae4f0710148f3e3316c,1,230000000000000,41101159,140578,4979127,1743093005,0xa7a38c51b0721dbd8b1375d0b9dc1f19c450d15d8b4166e8eb87ba011a60da53,NewSale
0xCBc8B8C92b1258b1cB102DEB1e78D3275Fd8C700,78614,0xbc2d6E7c81E7f35473b3594031FCC4c519fD24Ad,1,0x55cf851bbea90c64d97003258f18ed6643f3d4bb,1,249000000000000,21330000,135778,4979130,1743093011,0xb3504308ec32ed732cc75b86a66e40b764460a550f0e27700bc60298b3fd496a,NewSale
0x64f7C019021aC74A68D90D08491Ca43b2a632E71,78611,0xbc2d6E7c81E7f35473b3594031FCC4c519fD24Ad,1,0x529f71b8285ecbabf59359e9284e98ad05e683e7,1,15600000000000000000,21073585,161342,4979142,1743093035,0x6a60b420bc16fb02dd46fae1b7cd5f4c7222164f1bccd87c10ec094b9b066cb5,NewSale
0xd1932f916B68C2B07bd142E14e4519E163880a8F,78607,0xbc2d6E7c81E7f35473b3594031FCC4c519fD24Ad,1,0x55cf851bbea90c64d97003258f18ed6643f3d4bb,1,249000000000000,41030000,135778,4979143,1743093037,0xd53daf7ae1eaf8360f0eb1436b64f40d50b8141eb3ec5bc4caceb125a8940f66,NewSale
0x6310314a973A209d33B772FA2FF4592B7Ec45290,78613,0xbc2d6E7c81E7f35473b3594031FCC4c519fD24Ad,0,0x51ad0b2ef2540d9336ec77e6e5a53f62539b4923,1,200000000000000,21050236,135778,4979143,1743093037,0x59a3d2e6438526e39e14c7c42a0aecfdd8a6f3a6f7e00d6ae6de6690fd4cffb4,NewSale
0x0e34CEEbfe2EA09A76F566506304b1aC0c5824fA,78603,0xbc2d6E7c81E7f35473b3594031FCC4c519fD24Ad,1,0x55cf851bbea90c64d97003258f18ed6643f3d4bb,1,249000000000000,27510000,135778,4979155,1743093061,0xfe9b0e72cf2b6134c6c5db645e4652d701f2c9e737c38687fd1a530a832cd04c,NewSale
0x91B96de73332371972281A3b7Ca49b1Eb5dC1500,78521,0xbc2d6E7c81E7f35473b3594031FCC4c519fD24Ad,0,0x51ad0b2ef2540d9336ec77e6e5a53f62539b4923,1,230000000000000,20805320,140578,4979158,1743093067,0xc1591f0a7e39f594e94fafbaa3659f81f847cce02a3a69049a960a2e61cdb30c,NewSale
0x64f7C019021aC74A68D90D08491Ca43b2a632E71,78611,0xbc2d6E7c81E7f35473b3594031FCC4c519fD24Ad,1,0x529f71b8285ecbabf59359e9284e98ad05e683e7,1,15600000000000000000,39404571,161342,4979163,1743093077,0xaff71e493ad1b5c89fd0fb128692d989a4ea5a535306f6d414a675b7cffd2621,NewSale
0x2511b400B96A01D992a438681fdEC776148Cb346,78590,0xEB255E4669Da7FeEf1F746a5a778b4e08b65a1A7,0,0x75283f6c9478c1a2ca7938e36950c48a891f01e6,1,500000000000000,20652470,162483,4979165,1743093081,0x5f2efed4bd01524d794b0c0026298af66993f6cd2a09e4ee93a1f6949c61838d,NewSale
0xbE3c13c71D77A9C6300132489EDf977Bfc889c60,78581,0xbc2d6E7c81E7f35473b3594031FCC4c519fD24Ad,1,0x55cf851bbea90c64d97003258f18ed6643f3d4bb,1,249000000000000,24980000,135778,4979167,1743093085,0x2a84624f150875e2839f01c3cd366edeb1f77bca9e87803612cce2a5b9c9acee,NewSale
0xbAa9672503be4067CCc6eBB08BEe52af3e0b3b4C,76598,0x6EF07dE7778f607b8658e743bd42Ad4Db277d54C,4,0x810816a0f73590d43160d6ec14399acb8124e4bb,1,2000000000000000,21030000,152862,4979167,1743093085,0xff012a9870d2e0af3c4778e0a07f226a688da60dce5283b48bdbbd83ad5cc18e,NewSale
0x08E9B8f505444aAe294D503548F5ba313fF926cb,78485,0xbc2d6E7c81E7f35473b3594031FCC4c519fD24Ad,1,0x3b81319b4b36502de511419fd19c81d51a6b301b,1,249000000000000,21030000,152878,4979173,1743093097,0x211e269542ffb0926cabf3fc8033ae77efcb09a937bd07a28a957298a3f5d7ef,NewSale
0x91B96de73332371972281A3b7Ca49b1Eb5dC1500,78533,0xbc2d6E7c81E7f35473b3594031FCC4c519fD24Ad,0,0x51ad0b2ef2540d9336ec77e6e5a53f62539b4923,1,230000000000000,20605519,140578,4979181,1743093113,0xbc410fb505522c4e1a8ab95cbec63dfe08834936dde1660aa186e2efe900eb46,NewSale
0x64f7C019021aC74A68D90D08491Ca43b2a632E71,78611,0xbc2d6E7c81E7f35473b3594031FCC4c519fD24Ad,1,0x529f71b8285ecbabf59359e9284e98ad05e683e7,1,15600000000000000000,40038412,161342,4979183,1743093117,0x15b49f6588747a558e510704f930a49b8c063bc4a29648f881518fc2e0b7ea99,NewSale
0x919C6C8b425A1bDc9634d2abF38664d0cAB50c70,78616,0xbc2d6E7c81E7f35473b3594031FCC4c519fD24Ad,0,0xaecb89959e3e8c32c68b297c4d889de113cf6843,1,240000000000000,40036148,140566,4979184,1743093119,0x03536d197680ec0c32e28c9ace538b938e964925606d8682b60c3a14e9897f16,NewSale
0xaC725D6d95eD6eC9DE0cEc0892427ca18Db1b2Ad,78610,0xbc2d6E7c81E7f35473b3594031FCC4c519fD24Ad,1,0x3b81319b4b36502de511419fd19c81d51a6b301b,1,249000000000000,20720000,135778,4979186,1743093123,0x2cb52fc58a5b6333e57a17814936c4ba9414ea87c2ef1cb08d43433680520dc7,NewSale
0x91B96de73332371972281A3b7Ca49b1Eb5dC1500,78548,0xbc2d6E7c81E7f35473b3594031FCC4c519fD24Ad,0,0x51ad0b2ef2540d9336ec77e6e5a53f62539b4923,1,230000000000000,20539221,135778,4979195,1743093141,0x448b2bc8e91d41c96d8c92e9ac17b61cb5f945e9202059705e4a40b4602826ab,NewSale
0xd5aE149c300238438fD9B3FBfA82E7B08525eBC3,78536,0xbc2d6E7c81E7f35473b3594031FCC4c519fD24Ad,1,0x3b81319b4b36502de511419fd19c81d51a6b301b,1,249000000000000,20630000,135778,4979199,1743093149,0xca06fec1656b5c0ddbceb54168a95b317250ac009bbc04fcbb80725a371e634c,NewSale
0x64f7C019021aC74A68D90D08491Ca43b2a632E71,78611,0xbc2d6E7c81E7f35473b3594031FCC4c519fD24Ad,1,0x529f71b8285ecbabf59359e9284e98ad05e683e7,1,15600000000000000000,20452791,161342,4979203,1743093157,0xff414ccab6f5047ec17f0030b5d2dac39b822cad5547488865f7a30cd2c9f0bb,NewSale
0x919C6C8b425A1bDc9634d2abF38664d0cAB50c70,78617,0xbc2d6E7c81E7f35473b3594031FCC4c519fD24Ad,1,0x3b81319b4b36502de511419fd19c81d51a6b301b,1,240000000000000,20510000,135766,4979214,1743093179,0x97767442f7c5170a8bb17ff69fae6f3794f5ac52959217a34a95d246c97f8896,NewSale
0x76906Dc46bECe2242454566376A9a0279B383132,78494,0xbc2d6E7c81E7f35473b3594031FCC4c519fD24Ad,0,0x51ad0b2ef2540d9336ec77e6e5a53f62539b4923,1,235000000000000,20336103,135778,4979216,1743093183,0xf56e9ca6512f2121c7a2a8328191a381d8b6355d7fb42661b02c46ccc0434e64,NewSale
0x64f7C019021aC74A68D90D08491Ca43b2a632E71,78611,0xbc2d6E7c81E7f35473b3594031FCC4c519fD24Ad,1,0x529f71b8285ecbabf59359e9284e98ad05e683e7,1,15600000000000000000,20426193,161342,4979223,1743093197,0x355a7edfd57e19180e5f49fbafd0112a3c662b8a0857ca9047be56badd237e96,NewSale
0x66907de460905CB2fc07d10e2c0031D610247684,76188,0x02e21A25F0038fa5BDEe9c0b77aC0c1E84d3d6f0,1650,0x63dc9ce8413b7c30a9dd25dc21b48f255e036dc2,1,900000,20440000,188217,4979227,1743093205,0x0efbe5264cb65c20a4d6c2a6e3b260315f6b9ff43c5973bbf54faa759d3cc73b,NewSale
0x372be042412a3B654F12adf7fc762284d776df4d,78492,0xbc2d6E7c81E7f35473b3594031FCC4c519fD24Ad,1,0x3b81319b4b36502de511419fd19c81d51a6b301b,1,249000000000000,20360000,135778,4979230,1743093211,0x14c9eeb1330adffd4f12a9501435e22e15de69a385fe5db9a4ebec7eda642212,NewSale
0x7D1fC163CA30eda0EfA3A7Fcb2870Ee888DeBb9f,78612,0xbc2d6E7c81E7f35473b3594031FCC4c519fD24Ad,1,0xaecb89959e3e8c32c68b297c4d889de113cf6843,1,249000000000000,39280648,152878,4979240,1743093231,0x4947e5213822f456a155869241cdcd19c6c5a43bd1df570b1e15d7765ce29cf2,NewSale
0x64f7C019021aC74A68D90D08491Ca43b2a632E71,78611,0xbc2d6E7c81E7f35473b3594031FCC4c519fD24Ad,1,0x529f71b8285ecbabf59359e9284e98ad05e683e7,1,15600000000000000000,20165965,161342,4979243,1743093237,0x8ed6969c187c33d95b55abe230d1ce2f615d999d95a245467442f4b74b785768,NewSale
0xcAa5Ae7E483B887B5A304bbFC22778A8A672fA78,78098,0x02217eCA9143695a4a7206761ecE241ecD598D51,4,0x810816a0f73590d43160d6ec14399acb8124e4bb,1,900000000000000,20360000,167090,4979245,1743093241,0x35cb33077ad7c4ee893440d309e820b173daa1557a608d85719f81d5322c0c4d,NewSale
0x6f24433d9c9Ac9e6192D05ae0d4967760269e2E1,78622,0xbc2d6E7c81E7f35473b3594031FCC4c519fD24Ad,0,0x51ad0b2ef2540d9336ec77e6e5a53f62539b4923,1,200000000000000,20188034,140578,4979247,1743093245,0xefecc9127992fa20fdf3e39acd6833da96445bec0830ca0c7c1e481f21c203e8,NewSale
0x64f7C019021aC74A68D90D08491Ca43b2a632E71,78611,0xbc2d6E7c81E7f35473b3594031FCC4c519fD24Ad,1,0x55cf851bbea90c64d97003258f18ed6643f3d4bb,1,15600000000000000000,25230000,165042,4979258,1743093267,0x672f532721658e0a27505726a083ded2148f3607cc3d1d43af6d4f6dfa97b0af,NewSale
0x64f7C019021aC74A68D90D08491Ca43b2a632E71,78611,0xbc2d6E7c81E7f35473b3594031FCC4c519fD24Ad,1,0x529f71b8285ecbabf59359e9284e98ad05e683e7,1,15600000000000000000,19765048,154931,4979263,1743093277,0x011cbd3f8af934e9c9c1b6eeef5a1761b25448a3fad0e98d0c54f96f618e5463,NewSale
0x6f24433d9c9Ac9e6192D05ae0d4967760269e2E1,78623,0xbc2d6E7c81E7f35473b3594031FCC4c519fD24Ad,0,0x48f433785c42bdcf27dbb29ea0a129ad3d7d2a9b,1,200000000000000,19792003,157678,4979278,1743093307,0x09b70ec247f1e8201b5915fe561256c74df4056d4892498fe5deaad5118a86c9,NewSale
0x34fd1F5a834B858dE1CF3fe17483A48db3f3CadB,78620,0xbc2d6E7c81E7f35473b3594031FCC4c519fD24Ad,1,0x55cf851bbea90c64d97003258f18ed6643f3d4bb,1,249000000000000,20270000,135778,4979284,1743093319,0xd7f233c2d05300e8a7db0985c1af1dbb66050bf815fb01bb65085e14d68c9c70,NewSale
0x6f24433d9c9Ac9e6192D05ae0d4967760269e2E1,78624,0xbc2d6E7c81E7f35473b3594031FCC4c519fD24Ad,0,0x51ad0b2ef2540d9336ec77e6e5a53f62539b4923,1,200000000000000,19807246,140578,4979289,1743093329,0xab068fe40a832aa82faee840c7c03008002bdfe6bf3a189962ac74cfd99bb1dc,NewSale
0x7202e4C1C2c00Ba038561CCCa6A73eC723F8d66f,78625,0xbc2d6E7c81E7f35473b3594031FCC4c519fD24Ad,1,0x55cf851bbea90c64d97003258f18ed6643f3d4bb,1,249000000000000,38410000,135778,4979298,1743093347,0x9fa09c0341751a2033c36c152ba0f4593acb4e43937e377314252c431b1f0fd3,NewSale
0x9dAc5173E8540E0E7cAD467Ed575d61fC7E92c2E,78524,0xbc2d6E7c81E7f35473b3594031FCC4c519fD24Ad,1,0x55cf851bbea90c64d97003258f18ed6643f3d4bb,1,249000000000000,38360000,135778,4979321,1743093393,0xcad51793c8a19efbdfb79227ebdaa02418608f1787e10b6fd387244191e3d95f,NewSale
0x6f24433d9c9Ac9e6192D05ae0d4967760269e2E1,78626,0xbc2d6E7c81E7f35473b3594031FCC4c519fD24Ad,0,0x51ad0b2ef2540d9336ec77e6e5a53f62539b4923,1,200000000000000,19957443,140578,4979323,1743093397,0xbdf4d4889244f2c0d42d48ff9e8b9cd689f92f57d95038a7b2509e63056bba21,NewSale
0xddA63bDCa123abd9665C8A222531D6F915429484,78516,0xbc2d6E7c81E7f35473b3594031FCC4c519fD24Ad,1,0x55cf851bbea90c64d97003258f18ed6643f3d4bb,1,249000000000000,38460000,135778,4979338,1743093427,0x60e64ba9808c01b7350a777045402b1e2ae3475829c60465dfb75d80ae26665f,NewSale
0x6F0655e7bafb73F7DBC00BC8563703fE8504c851,78572,0xbc2d6E7c81E7f35473b3594031FCC4c519fD24Ad,1,0x0550c1896e1ec50f2781b3d19676ffdfe148f004,1,240000000000000,38474946,157666,4979350,1743093451,0x9dc3914e049ee18fd2da316dc0448d819c47a1d220ea326c87a3aa297d69d3ac,NewSale
0xfDC68B3c8f7d66F0e1745d5a31A1C6e925ED4e3B,69696,0x02217eCA9143695a4a7206761ecE241ecD598D51,1,0x810816a0f73590d43160d6ec14399acb8124e4bb,1,3000000000000000,19870000,154790,4979350,1743093451,0x3a7f2a1589f97b04ec90f3d71c207c987cf18a3f22e91e29dd793dae7565ffb3,NewSale
0x3b81319B4b36502DE511419Fd19c81D51a6b301B,78628,0xbc2d6E7c81E7f35473b3594031FCC4c519fD24Ad,1,0xaecb89959e3e8c32c68b297c4d889de113cf6843,1,238000000000000,38514290,140578,4979352,1743093455,0xfca74937a6e1d51cfda86b43438da16ee729981a424653a0ddb1370501f99d6d,NewSale
0x529F71B8285ECbabF59359e9284E98AD05e683E7,78630,0xbc2d6E7c81E7f35473b3594031FCC4c519fD24Ad,1,0x64f7c019021ac74a68d90d08491ca43b2a632e71,1,14760000000000000000,19836219,178454,4979356,1743093463,0x0ba38a95af8b810f40bb4d012fcd6b4b302a71a5909918682376a8f1f17b3235,NewSale
0xb533153FCE970075a830eA12251FC602448f851b,78356,0xF4527A094c80C7eD9039Ed485d1AAb914b074A49,0,0x27aabbc2ecf2c495dcf08512db0388ce211e32b5,1,400000000000000,19921027,145371,4979357,1743093465,0x59a24f5b77e298fae33021233b6d05b309f19fe056b6a23227af5ed6d4709c12,NewSale
0x6bCc673C5204b05C2bDFFD9021E4Cc9dabB48B3e,78408,0xEB255E4669Da7FeEf1F746a5a778b4e08b65a1A7,0,0x46c84d363a31e30907cc4c56c60944d960272ee8,1,400000000000000,20236174,162471,4979362,1743093475,0x0b75fa1a90b580402ba95fd28fac7262c12ea2e04e7304d358ec64b1f84c598d,NewSale
0x56cAF048114970ab8595c2824C57aaEFf0ab3801,78497,0xbc2d6E7c81E7f35473b3594031FCC4c519fD24Ad,1,0x55cf851bbea90c64d97003258f18ed6643f3d4bb,1,249000000000000,24060000,135778,4979370,1743093491,0x22dc405f86dbff1d01749ef1a83ad8eea69c038a87130fdfdafdfe6aa7bdc558,NewSale
0x529F71B8285ECbabF59359e9284E98AD05e683E7,78630,0xbc2d6E7c81E7f35473b3594031FCC4c519fD24Ad,1,0x64f7c019021ac74a68d90d08491ca43b2a632e71,1,14760000000000000000,19900815,161354,4979376,1743093503,0x2b31a6387a18a2ec01f7078cc4879496fe06f9eafa5a956e9603580d1765aa30,NewSale
0x6bCc673C5204b05C2bDFFD9021E4Cc9dabB48B3e,78405,0x4489A334E66076933e76337E3eC7376BA84f0864,0,0x27aabbc2ecf2c495dcf08512db0388ce211e32b5,1,400000000000000,19868012,162471,4979385,1743093521,0x91d37c45efa45a03da728d53eae13244b7eb6e4cd26e261d0b0c41c17b199510,NewSale
0x7C1A642A3666644B604F9b0DFEbCF9832B0Bf21f,78621,0xbc2d6E7c81E7f35473b3594031FCC4c519fD24Ad,0,0xaecb89959e3e8c32c68b297c4d889de113cf6843,1,220000000000000,38403173,140578,4979390,1743093531,0x12fe80c84f64834794ee57581e2eee533aaf0f622e28c04816d2caf0b57f709a,NewSale
0x529F71B8285ECbabF59359e9284E98AD05e683E7,78630,0xbc2d6E7c81E7f35473b3594031FCC4c519fD24Ad,1,0x64f7c019021ac74a68d90d08491ca43b2a632e71,1,14760000000000000000,19710994,161354,4979397,1743093545,0xd9b5a97491b48cd63bf257bf65f67fe225fff12c6ef51ffbe43d550576421dbc,NewSale
0x6f24433d9c9Ac9e6192D05ae0d4967760269e2E1,78627,0xbc2d6E7c81E7f35473b3594031FCC4c519fD24Ad,0,0xb0a9e474459fdc92af8b71b16861ad85730dbae6,1,200000000000000,19562414,152878,4979413,1743093577,0xc97aa281244f156a1f86c6fd66d82008b865bed150563cf27aa33fc5c983f755,NewSale
0x529F71B8285ECbabF59359e9284E98AD05e683E7,78630,0xbc2d6E7c81E7f35473b3594031FCC4c519fD24Ad,1,0x64f7c019021ac74a68d90d08491ca43b2a632e71,1,14760000000000000000,19424693,161354,4979417,1743093585,0xd79b35bf01fed22e97cd411b4da1e55ae1f22f97b0e778c00634b98fb1d9031b,NewSale
0xbAa9672503be4067CCc6eBB08BEe52af3e0b3b4C,78634,0x2Bf46D4497e98FbA2304B0d2453922FFf559Ea02,36,0x0550c1896e1ec50f2781b3d19676ffdfe148f004,1,690000000000000,37948214,164783,4979418,1743093587,0x764c52eb99367db16b0eeee1339a2d8f5ca9580afdd2cabc2f596754f3f32878,NewSale
0x529F71B8285ECbabF59359e9284E98AD05e683E7,78630,0xbc2d6E7c81E7f35473b3594031FCC4c519fD24Ad,1,0x64f7c019021ac74a68d90d08491ca43b2a632e71,1,14760000000000000000,19194410,161354,4979437,1743093625,0xf7232da892c4466a60a26327c10a3069b24342cac476711f7e2652584aaa615f,NewSale
0xE4f4BaEd82d30f2244fE1722aeda37dEF4B38Ddc,75451,0x02e21A25F0038fa5BDEe9c0b77aC0c1E84d3d6f0,1586,0xc5729d9e63909568b0438cd3cf4d3ca9542dda81,1,700000000000000,37305418,155258,4979446,1743093643,0x8843acb4209ac20ebbaea8eaf8f446838ae2b21096569c6a224ac02fc3534eab,NewSale
0xfDC68B3c8f7d66F0e1745d5a31A1C6e925ED4e3B,69695,0x02217eCA9143695a4a7206761ecE241ecD598D51,12,0x810816a0f73590d43160d6ec14399acb8124e4bb,1,4000000000000000,19310000,154900,4979448,1743093647,0x6f440b31718597b4979b02a0ceeebf3cb7cd5f8b7631f38a00fbfacae1f27ddd,NewSale
0x529F71B8285ECbabF59359e9284E98AD05e683E7,78630,0xbc2d6E7c81E7f35473b3594031FCC4c519fD24Ad,1,0x64f7c019021ac74a68d90d08491ca43b2a632e71,1,14760000000000000000,19499526,161354,4979457,1743093665,0x4e017be670153bdb87b1cbdb120e7ecfdc32eab14b526a3e217c82deb2f63afd,NewSale
0x48F433785c42bDCF27Dbb29EA0A129ad3D7d2A9B,78635,0xbc2d6E7c81E7f35473b3594031FCC4c519fD24Ad,0,0xaecb89959e3e8c32c68b297c4d889de113cf6843,1,200000000000000,37086942,135778,4979462,1743093675,0xea671f4b2e6315ab08a6e384eba0723cf4e1c1ee50b38d618e67bcf8491398cd,NewSale
0x529F71B8285ECbabF59359e9284E98AD05e683E7,78630,0xbc2d6E7c81E7f35473b3594031FCC4c519fD24Ad,1,0x64f7c019021ac74a68d90d08491ca43b2a632e71,1,14760000000000000000,18928753,161354,4979477,1743093705,0x4fec4e589609b9f021f9115ca73fad3af55f3c04b99128ea72d5381d5ece673f,NewSale
0x529F71B8285ECbabF59359e9284E98AD05e683E7,78630,0xbc2d6E7c81E7f35473b3594031FCC4c519fD24Ad,1,0x64f7c019021ac74a68d90d08491ca43b2a632e71,1,14760000000000000000,36468170,161354,4979497,1743093745,0x7366d06abf7345ac8c7897bcfa482c538c6a271134414d3d44920c476debda36,NewSale
0x2511b400B96A01D992a438681fdEC776148Cb346,78592,0x4489A334E66076933e76337E3eC7376BA84f0864,0,0x0550c1896e1ec50f2781b3d19676ffdfe148f004,1,500000000000000,36482512,162471,4979498,1743093747,0x874ea9ad1843135962acca71b2e57e1ad1cdd8ae01e76d5a13e906f8acdb530c,NewSale
0xD08c59E5a870B733cE012D12a0bAFcaD29b44Ce6,78637,0xbc2d6E7c81E7f35473b3594031FCC4c519fD24Ad,0,0xaecb89959e3e8c32c68b297c4d889de113cf6843,1,200000000000000,36429647,140578,4979504,1743093759,0xbe168fded63c7f313eb32ff5d3c2a798ada5510053542c6d3894cb0b1004a45f,NewSale
0x529F71B8285ECbabF59359e9284E98AD05e683E7,78630,0xbc2d6E7c81E7f35473b3594031FCC4c519fD24Ad,1,0x64f7c019021ac74a68d90d08491ca43b2a632e71,1,14760000000000000000,36206160,161354,4979518,1743093787,0xf428a61600a41fb773432a443b55595db20e967d9d36d96fddfcbb93e5fe6fcf,NewSale
0xD08c59E5a870B733cE012D12a0bAFcaD29b44Ce6,78636,0xbc2d6E7c81E7f35473b3594031FCC4c519fD24Ad,0,0xaecb89959e3e8c32c68b297c4d889de113cf6843,1,200000000000000,36239814,140578,4979536,1743093823,0x3cd0842a5dbda30576227a7949928b0206ba1d33e0df368203bade3245e88b3b,NewSale
0xD08c59E5a870B733cE012D12a0bAFcaD29b44Ce6,78640,0xbc2d6E7c81E7f35473b3594031FCC4c519fD24Ad,0,0x2b92260ff78f4c20f87978c4424a8ba691fd552a,1,200000000000000,18762380,140578,4979537,1743093825,0x79c9093d78f45349f06d14701fd6ce3b3dd05e752585d18c244a48d4fa243c92,NewSale
0x529F71B8285ECbabF59359e9284E98AD05e683E7,78630,0xbc2d6E7c81E7f35473b3594031FCC4c519fD24Ad,1,0x64f7c019021ac74a68d90d08491ca43b2a632e71,1,14760000000000000000,18697309,161354,4979538,1743093827,0xb63d1d9b8344c03650020cafb98af26d2104f41661a61c238c39713980db0cf2,NewSale
0x529F71B8285ECbabF59359e9284E98AD05e683E7,78630,0xbc2d6E7c81E7f35473b3594031FCC4c519fD24Ad,1,0x64f7c019021ac74a68d90d08491ca43b2a632e71,1,14760000000000000000,19175429,161354,4979558,1743093867,0x3b1cbfec3e431bc48d9903e2ab5cd303cad1f7f9798a6f2d0bf25a67b15dc9fe,NewSale
0x3b81319B4b36502DE511419Fd19c81D51a6b301B,78633,0xbc2d6E7c81E7f35473b3594031FCC4c519fD24Ad,1,0xaecb89959e3e8c32c68b297c4d889de113cf6843,1,237000000000000,36255453,140578,4979572,1743093895,0xe022d1a817de5d3dc437197220106caf57d2d682c1ec8b798b10957bc927c483,NewSale
0x529F71B8285ECbabF59359e9284E98AD05e683E7,78630,0xbc2d6E7c81E7f35473b3594031FCC4c519fD24Ad,1,0x64f7c019021ac74a68d90d08491ca43b2a632e71,1,14760000000000000000,18765565,154943,4979579,1743093909,0x1aaa236669d4a94d440dd8b2133bcd3c94f0cb3670630275715fbe537def2c0e,NewSale
0xD08c59E5a870B733cE012D12a0bAFcaD29b44Ce6,78648,0xbc2d6E7c81E7f35473b3594031FCC4c519fD24Ad,0,0x48f433785c42bdcf27dbb29ea0a129ad3d7d2a9b,1,200000000000000,18765565,157678,4979579,1743093909,0xa5af083c8f0c1ccd2797ea8de193048288ef733d312c13012fb59716083f6752,NewSale
0xD08c59E5a870B733cE012D12a0bAFcaD29b44Ce6,78645,0xbc2d6E7c81E7f35473b3594031FCC4c519fD24Ad,0,0x2b92260ff78f4c20f87978c4424a8ba691fd552a,1,200000000000000,18707394,140578,4979597,1743093945,0xd46b0b1a8509eb36703b5650e034076d4d24ce1ab52879b09b70ef2ebd9ce858,NewSale
0xD08c59E5a870B733cE012D12a0bAFcaD29b44Ce6,78644,0xbc2d6E7c81E7f35473b3594031FCC4c519fD24Ad,0,0x9c3a24d6d58ff30ee6bda51f3e6b3ba3e4786b38,1,200000000000000,18610000,140578,4979606,1743093963,0x87b407aabf8cca631fffe63e1ea4a90411a2d4563451b79777d79bf9cb87a7a2,NewSale
0xD08c59E5a870B733cE012D12a0bAFcaD29b44Ce6,78638,0xbc2d6E7c81E7f35473b3594031FCC4c519fD24Ad,0,0x2b92260ff78f4c20f87978c4424a8ba691fd552a,1,200000000000000,18694977,140578,4979617,1743093985,0xf0240827b8e5f57c7ce8a726f2e926f871d6d1f13d5f40e002f1a7f64730990a,NewSale
0xb0a9e474459FDC92Af8B71B16861AD85730dbAE6,78650,0xbc2d6E7c81E7f35473b3594031FCC4c519fD24Ad,0,0xaecb89959e3e8c32c68b297c4d889de113cf6843,1,210000000000000,36298702,135778,4979636,1743094023,0x80788c8aa0e2c4369e1ae196604246e2fd289e166788b3eecd50ec8c3e535474,NewSale
0xD08c59E5a870B733cE012D12a0bAFcaD29b44Ce6,78639,0xbc2d6E7c81E7f35473b3594031FCC4c519fD24Ad,0,0x2b92260ff78f4c20f87978c4424a8ba691fd552a,1,200000000000000,18843341,140578,4979637,1743094025,0xcb013490b2ce7bb583ea43688ef4b70f95abae87e5339f44a594c33778f9c283,NewSale
0xD08c59E5a870B733cE012D12a0bAFcaD29b44Ce6,78647,0xbc2d6E7c81E7f35473b3594031FCC4c519fD24Ad,0,0x9f86dde96577e4da0ffeab15382f90c8e675770f,1,200000000000000,18743341,140578,4979637,1743094025,0x0cce1c0d06c87dae0a83161af9a013e96d118e9a1456b77e950c8a243512548f,NewSale
0xD08c59E5a870B733cE012D12a0bAFcaD29b44Ce6,78653,0xbc2d6E7c81E7f35473b3594031FCC4c519fD24Ad,0,0x9c3a24d6d58ff30ee6bda51f3e6b3ba3e4786b38,1,200000000000000,18740000,140578,4979642,1743094035,0x9ea147760fa57286bfb58ef422ca73006771e834df86d2515bb5929969d6be94,NewSale
0xD08c59E5a870B733cE012D12a0bAFcaD29b44Ce6,78642,0xbc2d6E7c81E7f35473b3594031FCC4c519fD24Ad,0,0x9f86dde96577e4da0ffeab15382f90c8e675770f,1,200000000000000,18783693,140578,4979667,1743094085,0xe256736834c27a9b9c4d241e077bd648771ef4c16ffbcf5701113a6972558b67,NewSale
0xD08c59E5a870B733cE012D12a0bAFcaD29b44Ce6,78658,0xbc2d6E7c81E7f35473b3594031FCC4c519fD24Ad,0,0xaecb89959e3e8c32c68b297c4d889de113cf6843,1,200000000000000,24208603,135778,4979672,1743094095,0xf9bf8831187557bcb2090bd0fe397cbc5f250dd3a5f5edf925e0119b91ec48b9,NewSale
0x55cF851Bbea90C64d97003258F18ed6643f3d4bb,78662,0xbc2d6E7c81E7f35473b3594031FCC4c519fD24Ad,0,0x9c3a24d6d58ff30ee6bda51f3e6b3ba3e4786b38,1,200000000000000,18790000,135778,4979678,1743094107,0xa465453c64d28d67dd77fbe88258396acdbaa481dbcd04c0ed446278a4ef0045,NewSale
0xde527bAd820124E5ECFE4d1DDcE3D67a9473604E,78655,0xbc2d6E7c81E7f35473b3594031FCC4c519fD24Ad,0,0x9f86dde96577e4da0ffeab15382f90c8e675770f,1,200000000000000,18877536,135778,4979683,1743094117,0x188961f08d386460ee323bed12cc853ea17be5c867026071c70109226384f4e3,NewSale
0x48F433785c42bDCF27Dbb29EA0A129ad3D7d2A9B,78661,0xbc2d6E7c81E7f35473b3594031FCC4c519fD24Ad,0,0x9c3a24d6d58ff30ee6bda51f3e6b3ba3e4786b38,1,200000000000000,18880000,135778,4979692,1743094135,0x1209bff23ab3705ef4692013422aae27bde96223b78bae52a7ba6d7d36ac8a55,NewSale
0x6F0655e7bafb73F7DBC00BC8563703fE8504c851,78654,0xbc2d6E7c81E7f35473b3594031FCC4c519fD24Ad,1,0x9f86dde96577e4da0ffeab15382f90c8e675770f,1,230000000000000,19008758,152878,4979703,1743094157,0xe807c88f2de04f1cee463b56babf836273caaef6703ccf841b6f8138d236bf09,NewSale
0x7C1A642A3666644B604F9b0DFEbCF9832B0Bf21f,78618,0xbc2d6E7c81E7f35473b3594031FCC4c519fD24Ad,0,0x2b92260ff78f4c20f87978c4424a8ba691fd552a,1,220000000000000,19149936,135778,4979704,1743094159,0x69f5740ef904f0871d6fd3a11ed909a949777c2df6f9f845a1fd5e759cc58c2a,NewSale
0x3b81319B4b36502DE511419Fd19c81D51a6b301B,78631,0xbc2d6E7c81E7f35473b3594031FCC4c519fD24Ad,1,0x9c3a24d6d58ff30ee6bda51f3e6b3ba3e4786b38,1,244000000000000,19040000,157678,4979709,1743094169,0x64221650953581160ea77946b51765bb5e226fbe6e66f19158c4e440b3bd12a3,NewSale
0xeF0Ef28b882d166B732d00A01Ea762B9CCd3FE44,78652,0xbc2d6E7c81E7f35473b3594031FCC4c519fD24Ad,1,0x9c3a24d6d58ff30ee6bda51f3e6b3ba3e4786b38,1,235000000000000,19040000,142189,4979720,1743094191,0x79cd9724f5b90f33babda32b4e4cf29ea706dda891c7999fa9dc5eeda0dff264,NewSale
0xeF0Ef28b882d166B732d00A01Ea762B9CCd3FE44,78652,0xbc2d6E7c81E7f35473b3594031FCC4c519fD24Ad,1,0x0222346277ab8f3f9a347323cffed56b5c0acbe2,1,235000000000000,19761176,159289,4979731,1743094213,0x4b2f59f20e807e731e8a39e95a085af6ca7a4400ec8c4f5d2eaaac12a275344d,NewSale
0xeF0Ef28b882d166B732d00A01Ea762B9CCd3FE44,78652,0xbc2d6E7c81E7f35473b3594031FCC4c519fD24Ad,1,0x9f86dde96577e4da0ffeab15382f90c8e675770f,1,235000000000000,19277132,142189,4979732,1743094215,0x830aaeef518001d7fa0a7d5abbb1f88a97e3eaee3ba2c19f852b6d2ca1701222,NewSale
0xeF0Ef28b882d166B732d00A01Ea762B9CCd3FE44,78652,0xbc2d6E7c81E7f35473b3594031FCC4c519fD24Ad,1,0xaecb89959e3e8c32c68b297c4d889de113cf6843,1,235000000000000,19764006,142189,4979740,1743094231,0x244051c80ff183f9afffe5d5ed7fbae75e413324af46366f0bdda7af312ad298,NewSale
0xeF0Ef28b882d166B732d00A01Ea762B9CCd3FE44,78652,0xbc2d6E7c81E7f35473b3594031FCC4c519fD24Ad,1,0x9f86dde96577e4da0ffeab15382f90c8e675770f,1,235000000000000,19410444,142189,4979747,1743094245,0x4b51b778711d1781bc03c749788ee8d3dde61c6080607ff39a0be7a503bc6bdc,NewSale
0x6ddD1CAebbf83aCf28ddd10EBdf4caC460D9F1f9,78643,0xEB255E4669Da7FeEf1F746a5a778b4e08b65a1A7,0,0xc5729d9e63909568b0438cd3cf4d3ca9542dda81,1,400000000000000,20038017,167271,4979794,1743094339,0xf20a404e367c3e398737ab634609d8e72c1a0041410c107c6a12866198f705b5,NewSale
0xeF0Ef28b882d166B732d00A01Ea762B9CCd3FE44,78652,0xbc2d6E7c81E7f35473b3594031FCC4c519fD24Ad,1,0x9c3a24d6d58ff30ee6bda51f3e6b3ba3e4786b38,1,235000000000000,19560000,142189,4979795,1743094341,0x6cdc526cd3b778a04b38635eb1770940134c09bf49425830bf6f9db93bc650fb,NewSale
0xeF0Ef28b882d166B732d00A01Ea762B9CCd3FE44,78652,0xbc2d6E7c81E7f35473b3594031FCC4c519fD24Ad,1,0x9c3a24d6d58ff30ee6bda51f3e6b3ba3e4786b38,1,235000000000000,19760000,142189,4979855,1743094461,0x615a2a5ae4d76b4b66616aed31da72379baf1f7be297e71c3c6b5a8fe5005bb5,NewSale
0x71A80ceBBc5952f5c0B2dECe0318e39Bd31844dd,78670,0xbc2d6E7c81E7f35473b3594031FCC4c519fD24Ad,0,0x9c3a24d6d58ff30ee6bda51f3e6b3ba3e4786b38,1,200000000000000,19890000,140578,4979867,1743094485,0xba3ced8a709f7d28d723ee250406d7db63f585a0b0d9b9ee5474ed9bd8e3cf6b,NewSale
0x71A80ceBBc5952f5c0B2dECe0318e39Bd31844dd,78667,0xbc2d6E7c81E7f35473b3594031FCC4c519fD24Ad,0,0xffb819136affbca29c369b24713b6c2d7b00200c,1,200000000000000,20051847,140566,4979883,1743094517,0xa590fd0875e3d1c7e1bfe48259b8a5c52d396cd46463831edf1bb08ca3bebbc3,NewSale
0x71A80ceBBc5952f5c0B2dECe0318e39Bd31844dd,78671,0xbc2d6E7c81E7f35473b3594031FCC4c519fD24Ad,0,0x9c3a24d6d58ff30ee6bda51f3e6b3ba3e4786b38,1,200000000000000,20000000,140578,4979898,1743094547,0x73e1aaeed02d244b3aaf1abf1f6e7b95084446888c6141db361e2c5d918a2a60,NewSale
0x2b92260Ff78f4C20f87978C4424a8bA691fd552A,78673,0xbc2d6E7c81E7f35473b3594031FCC4c519fD24Ad,0,0xc5729d9e63909568b0438cd3cf4d3ca9542dda81,1,230000000000000,25737507,140578,4979942,1743094635,0x6d046724e61af1d30e37a6a58cba8508562b355eac7eb7ec34fe0dfac82b29e0,NewSale
0x71A80ceBBc5952f5c0B2dECe0318e39Bd31844dd,78672,0xbc2d6E7c81E7f35473b3594031FCC4c519fD24Ad,0,0xe401d18f6f835c12ca54e54a2f16a802b651eaa7,1,200000000000000,20430000,140578,4979955,1743094661,0xa1a0f46c2c695586cd3851eb9920249b9f2b7780f06281476ce2c56ba4077cdf,NewSale
0x71A80ceBBc5952f5c0B2dECe0318e39Bd31844dd,78678,0xbc2d6E7c81E7f35473b3594031FCC4c519fD24Ad,0,0x80fe121b69163e17bd4e9cc573652e29e48fa4ae,1,200000000000000,20405858,140578,4979968,1743094687,0x4ca5f9907ec660aac9eededd6b38c0f69819df1bd01af7f2c848bbb00247e489,NewSale
0x2b92260Ff78f4C20f87978C4424a8bA691fd552A,78686,0xbc2d6E7c81E7f35473b3594031FCC4c519fD24Ad,0,0xaa19a18e60b52ba4bb09bfb406eedafd78b127e3,1,200000000000000,20490000,140578,4979973,1743094697,0xa6a8025d234426d9220848b7dea50c56d9ba6d85cc8eeeef92c35690de6a64ea,NewSale
0x71A80ceBBc5952f5c0B2dECe0318e39Bd31844dd,78681,0xbc2d6E7c81E7f35473b3594031FCC4c519fD24Ad,0,0xe401d18f6f835c12ca54e54a2f16a802b651eaa7,1,200000000000000,20500000,140578,4979974,1743094699,0x2c0227124b63287c03277c6835f2bd961a1fa2b0c1692d1419a05e31c10e0a3c,NewSale
0x71A80ceBBc5952f5c0B2dECe0318e39Bd31844dd,78684,0xbc2d6E7c81E7f35473b3594031FCC4c519fD24Ad,0,0x80fe121b69163e17bd4e9cc573652e29e48fa4ae,1,200000000000000,20526087,140578,4979978,1743094707,0x283c0834433c791c74e4ea00a01efb3cacd4a6e41bde716d7f644d5f51b5ed83,NewSale
0x71A80ceBBc5952f5c0B2dECe0318e39Bd31844dd,78677,0xbc2d6E7c81E7f35473b3594031FCC4c519fD24Ad,0,0x80fe121b69163e17bd4e9cc573652e29e48fa4ae,1,200000000000000,20630139,135778,4979994,1743094739,0xeb6116fa1da75ed44548d794cbc1c82fdd29269556f541ba515a39335058cfe2,NewSale
0x80fe121B69163E17bd4e9CC573652e29E48fa4ae,78666,0xbc2d6E7c81E7f35473b3594031FCC4c519fD24Ad,1,0x685b550b12fefc6ad0073ebe1b1fd5e2ef9ffe32,1,19500000000000000000,20841708,182166,4980007,1743094765,0x42a393ddb8ee612aad1f9447b3720d920e474758d8f127a1a7ec54db22588dd2,NewSale
0x2b92260Ff78f4C20f87978C4424a8bA691fd552A,78687,0xbc2d6E7c81E7f35473b3594031FCC4c519fD24Ad,0,0x80fe121b69163e17bd4e9cc573652e29e48fa4ae,1,200000000000000,20777981,140578,4980011,1743094773,0x2f97cae9f30bfaaff1f82ad3133b25dca59a02417ac6ecab764009adbab5e911,NewSale
0xeF0Ef28b882d166B732d00A01Ea762B9CCd3FE44,78652,0xbc2d6E7c81E7f35473b3594031FCC4c519fD24Ad,1,0xf81fd1fa9702a915da1a14161cb1341390503df4,1,235000000000000,20916587,159289,4980016,1743094783,0xf08ed48d081211fe69fbe5057cac73925546e9db830e1cd36f8883de24f0ac03,NewSale
0xCa8980153C50E92a47369Ff9b6036373a8dA89C5,78690,0xbc2d6E7c81E7f35473b3594031FCC4c519fD24Ad,1,0x80fe121b69163e17bd4e9cc573652e29e48fa4ae,1,200000000000000,20798723,135778,4980023,1743094797,0x8b67bedad9695a45354e940b795e87d156871ac81c6c0221e53b800c64c33a41,NewSale
0x2b92260Ff78f4C20f87978C4424a8bA691fd552A,78676,0xbc2d6E7c81E7f35473b3594031FCC4c519fD24Ad,0,0xc5729d9e63909568b0438cd3cf4d3ca9542dda81,1,230000000000000,24946582,140578,4980030,1743094811,0x91622fd6f06dba07de7fef52fd3df7bd247a40fa73ed650dcfbb91dd50e9ab7d,NewSale
0x6F0655e7bafb73F7DBC00BC8563703fE8504c851,78683,0xbc2d6E7c81E7f35473b3594031FCC4c519fD24Ad,0,0x4a8b21a98bcc62e55165385428eb46db402d3b16,1,210000000000000,25211091,140578,4980044,1743094839,0x77320cbc20f07c75212538e27921e55cf670cba5dee8a86daf6a3c168b6ce484,NewSale
0x9F86dDE96577E4da0FFEab15382F90C8e675770F,78685,0xbc2d6E7c81E7f35473b3594031FCC4c519fD24Ad,0,0xe401d18f6f835c12ca54e54a2f16a802b651eaa7,1,230000000000000,21220000,140578,4980055,1743094861,0x5fcc3cedcccf4e8ce899d6b99acf2444b6529ef125ff509a2682c8ec346bab2d,NewSale
0x2065b7a05102C48A44CB985a1E1f466ac9cEE08C,78646,0xbc2d6E7c81E7f35473b3594031FCC4c519fD24Ad,0,0x4a8b21a98bcc62e55165385428eb46db402d3b16,1,270000000000000,25275695,140578,4980058,1743094867,0x74b70f2c6eacbec8c493c7cb09bce8ccbbd33ee70d59c88a2646fd991874d4d2,NewSale
0x2b92260Ff78f4C20f87978C4424a8bA691fd552A,78682,0xbc2d6E7c81E7f35473b3594031FCC4c519fD24Ad,0,0xe401d18f6f835c12ca54e54a2f16a802b651eaa7,1,230000000000000,21310000,140578,4980079,1743094909,0x3f78b53d5aefa4beb458c5ea83c2af8e3102b0b7d0afb450195ecfbfe8bf4f00,NewSale
0x76bF269a56367542EF72A727bF583DC6d601eD91,78374,0xbc2d6E7c81E7f35473b3594031FCC4c519fD24Ad,0,0x4a8b21a98bcc62e55165385428eb46db402d3b16,1,260000000000000,25334837,135778,4980080,1743094911,0xc6e4b0b7c1aadc25749427f1a67e665e3dd2fe580c99d163170e282f3202c31d,NewSale
0x9F86dDE96577E4da0FFEab15382F90C8e675770F,78688,0xbc2d6E7c81E7f35473b3594031FCC4c519fD24Ad,0,0xdebed1db0b5c68971d1a6890c93fb4babddd457c,1,230000000000000,21539087,140578,4980083,1743094917,0xbd19813cf32e8a36b35c6c2711d17d785d1244175dba5d19f6e6fba2615e6048,NewSale
0x9F86dDE96577E4da0FFEab15382F90C8e675770F,78680,0xbc2d6E7c81E7f35473b3594031FCC4c519fD24Ad,0,0xe401d18f6f835c12ca54e54a2f16a802b651eaa7,1,230000000000000,21420000,140578,4980093,1743094937,0xccb00fc8588e01fbab3a860510c86d6c801d79d0c4ddff54c3eee661e0617ded,NewSale
0xC0DEc165A5d6e6766Fbc35c977f89535899D0411,74777,0xbc2d6E7c81E7f35473b3594031FCC4c519fD24Ad,0,0x4a8b21a98bcc62e55165385428eb46db402d3b16,1,259999990000000,25707890,142201,4980101,1743094953,0x2cedf45f3d3acaf1a9bd3a2d310a8cb7f046d4da36069261a972c88f0b2321da,NewSale
0x9AE984444d1F57cE200D0c8192E35f485e44ee77,78502,0xbc2d6E7c81E7f35473b3594031FCC4c519fD24Ad,1,0xf81fd1fa9702a915da1a14161cb1341390503df4,1,249000000000000,21807890,135778,4980101,1743094953,0x2c791b509a08b456462c36af9711057282e4e62a23028ae3015b2e4b1492cbec,NewSale
