listing_creator,listing_id,asset_contract,token_id,buyer,quantity_bought,total_price_paid,gas_price,gas_used,block_number,timestamp,transaction_hash,event_type
0xBDB14154d47f101884DFbAD3097c0f4f4E105F6F,73760,0xbc2d6E7c81E7f35473b3594031FCC4c519fD24Ad,1,0x3996bd5bd26e565bbcea9608af6ff5bbb1a66471,1,289000000000000,45211361,135790,4917594,1742969939,0x57f64fcf3e535fa96c61aae3d6cd5335f9055ea3407ddbaf4478bf51aca2dc64,NewSale
0x9aF6848bcE775914bd2928A403598349cB16238a,73744,0xbc2d6E7c81E7f35473b3594031FCC4c519fD24Ad,1,0x3996bd5bd26e565bbcea9608af6ff5bbb1a66471,1,289000000000000,45486083,135790,4917608,1742969967,0x5d820ce093cd29b5ea435de0e18632abd4af83c7b1e466ce606ae9cf11dde970,NewSale
0x9A1f0722d5Cc2F011aaBB9F7E3407Aa8aA8C773F,73761,0xbc2d6E7c81E7f35473b3594031FCC4c519fD24Ad,1,0x3996bd5bd26e565bbcea9608af6ff5bbb1a66471,1,289000000000000,45647201,135790,4917621,1742969993,0x42ed7bb322be6fa31855cf755ced7a172f49ad9e42d1102c7d5fe634a6f48f10,NewSale
0x7F24Dfa1D4908fFdf85E11EFBbfD7514aB7AB522,73733,0xbc2d6E7c81E7f35473b3594031FCC4c519fD24Ad,1,0xcec925d74ec57c4d69159e6c3693f992dfd61297,1,289000000000000,45428765,135790,4917632,1742970015,0xfbf0c25b0c8a16380492238d6f333d156dad70b4960451a771b40860872905d0,NewSale
0xCCbB1bF8E69E687c855641a330c76cD923D85a53,73766,0xbc2d6E7c81E7f35473b3594031FCC4c519fD24Ad,1,0xcec925d74ec57c4d69159e6c3693f992dfd61297,1,289000000000000,45638636,135790,4917677,1742970105,0x6a95d84ba50a23442458070aa39433dfe2c721d05b48a4ae4a9e784b68c17e31,NewSale
0x0F84a160e695ad3F11f76D510425C298D96707a0,73756,0xbc2d6E7c81E7f35473b3594031FCC4c519fD24Ad,1,0x3996bd5bd26e565bbcea9608af6ff5bbb1a66471,1,289000000000000,45650522,135790,4917681,1742970113,0xe143bcf3b08ab4087379eb96d28fda96d67f3fcee3a4bef3e5fddab245214adb,NewSale
0xeF0Ef28b882d166B732d00A01Ea762B9CCd3FE44,73683,0xbc2d6E7c81E7f35473b3594031FCC4c519fD24Ad,1,0xba89d66ac9549e5aabb2e23528702cbb974bde68,1,280000000000000,45490000,142189,4917683,1742970117,0x654b83cfecdaf16aa3866cca56c588760b659d8aaed765d77b4c9c2ede29516c,NewSale
0xeF0Ef28b882d166B732d00A01Ea762B9CCd3FE44,73683,0xbc2d6E7c81E7f35473b3594031FCC4c519fD24Ad,1,0x419211f6aeec7e8fbbca465f86a384461f7366e3,1,280000000000000,45864861,159289,4917686,1742970123,0x924d7db40961b8f82be81c07f5e975723ef5802fcda5d55587a74b670e23dda6,NewSale
0xC0DEc165A5d6e6766Fbc35c977f89535899D0411,70984,0xbc2d6E7c81E7f35473b3594031FCC4c519fD24Ad,0,0x6e6a6dd1d71063730ea202c4626ba301bb29e313,1,289990000000000,45885345,142201,4917692,1742970135,0x65b122d710a87f08ffaadb5008a3d6f97441875bb53a717653fbf64f51f0100b,NewSale
0xC0DEc165A5d6e6766Fbc35c977f89535899D0411,70984,0xbc2d6E7c81E7f35473b3594031FCC4c519fD24Ad,0,0x3996bd5bd26e565bbcea9608af6ff5bbb1a66471,1,289990000000000,45846916,142201,4917693,1742970137,0x340cfb4d4377d05cf1bad6d6f3f35068bf4f98ec04ca387009fda29cb231275e,NewSale
0xeF0Ef28b882d166B732d00A01Ea762B9CCd3FE44,73683,0xbc2d6E7c81E7f35473b3594031FCC4c519fD24Ad,1,0x35467a1ea60383a0ae46ae683c368414d7f17da6,1,280000000000000,45875748,159289,4917694,1742970139,0x5ab757777d8c036a7104c47982e32455c8f5e19e27dacf8a566445d833e66d0e,NewSale
0xC0DEc165A5d6e6766Fbc35c977f89535899D0411,69597,0xbc2d6E7c81E7f35473b3594031FCC4c519fD24Ad,0,0x3996bd5bd26e565bbcea9608af6ff5bbb1a66471,1,298000000000000,45532510,142201,4917704,1742970159,0xa01f96e341ac1df4c995a398fc5cdeca04ac08e5784124a8cde0873964587919,NewSale
0xeF0Ef28b882d166B732d00A01Ea762B9CCd3FE44,73683,0xbc2d6E7c81E7f35473b3594031FCC4c519fD24Ad,1,0x6e6a6dd1d71063730ea202c4626ba301bb29e313,1,280000000000000,45503096,142189,4917705,1742970161,0x515a5b8f38af54640e46385accf3d286907f087de94205823c9ea92e4935391a,NewSale
0x4CBB01E73b17fE7cb0AF601A532ecEcAf9A1e736,72285,0xdc0F91C5a4D200FfC21658901c77c0fE1A14d199,0,0x9fbee4154ba323db077d81f7a8095e909eb684e7,1,650000000000000,45740000,150183,4917715,1742970181,0x0ab089a3a11c066fb0ae4b131b1b4280083793ac6e81f2934ebb8e960030b61d,NewSale
0xeF0Ef28b882d166B732d00A01Ea762B9CCd3FE44,73683,0xbc2d6E7c81E7f35473b3594031FCC4c519fD24Ad,1,0x6e6a6dd1d71063730ea202c4626ba301bb29e313,1,280000000000000,45153639,142189,4917717,1742970185,0x3799ea61ff081d567fa7d9a0d995703ed24c1bf841eee17df23f90ce0a97110e,NewSale
0x80fe121B69163E17bd4e9CC573652e29E48fa4ae,73372,0xbc2d6E7c81E7f35473b3594031FCC4c519fD24Ad,0,0x3996bd5bd26e565bbcea9608af6ff5bbb1a66471,1,298000000000000,45150533,142201,4917720,1742970191,0x54cc9efe31ef50c8f8c6c2ddc00d2cda19fc9541ed10ceda727bf5217b096b72,NewSale
0x111A5539eb9f9Ef17C3b6fdC7855b09825da1B4c,73748,0xbc2d6E7c81E7f35473b3594031FCC4c519fD24Ad,0,0xd8844b1661e8d7f22eb34feaee49b888be3f7f9b,1,300000000000000,44891981,140590,4917725,1742970201,0xd5ff6e10499b554ca04adb3404990be5a38903f055c5e848f86e9dcd774ff07b,NewSale
0xa891bb18A5d075568bA76A37e0D4e63ACdC7eEB6,73388,0xbc2d6E7c81E7f35473b3594031FCC4c519fD24Ad,1,0xcec925d74ec57c4d69159e6c3693f992dfd61297,1,299000000000000,44974973,135790,4917728,1742970207,0x087e182d7d441fb08e7e11929f90e549c4ced83be1637a207860cae26c20b46f,NewSale
0xC0DEc165A5d6e6766Fbc35c977f89535899D0411,70984,0xbc2d6E7c81E7f35473b3594031FCC4c519fD24Ad,0,0x3996bd5bd26e565bbcea9608af6ff5bbb1a66471,1,289990000000000,44751470,142201,4917735,1742970221,0xeb9ecc0bdfe8c5a64e37f0571c65d9db2a8d069813795f6e61e51fa64798622e,NewSale
0xeF0Ef28b882d166B732d00A01Ea762B9CCd3FE44,73683,0xbc2d6E7c81E7f35473b3594031FCC4c519fD24Ad,1,0x05d621a053e51ebbc7e445cd9fcc533c72ff5385,1,280000000000000,44746622,159289,4917737,1742970225,0xf924c5864aee9551efefd4158107bb55ddd635699fbbda8d70082b8bc9e8d18d,NewSale
0x626902B74Cad96299A0AA1fDC728b73eF3166BA6,73725,0x02e21A25F0038fa5BDEe9c0b77aC0c1E84d3d6f0,1372,0x9fc440a1185497a988443d5ca151d8e0127995b7,1,850000000000000,44713044,155258,4917754,1742970259,0xa433a0903948b2cfeaea99b811bc058222394df0e5eb094b50b25e16163f20cf,NewSale
0x2e205ebEa4B8e1d6Cdf8B808053780f76a0531Ca,73785,0xbc2d6E7c81E7f35473b3594031FCC4c519fD24Ad,1,0x05d621a053e51ebbc7e445cd9fcc533c72ff5385,1,279000000000000,44771244,142189,4917757,1742970265,0xf9b8b943e66cf6066609d8c2e39b6bb784f6276a4bc18def198c85a6d9e17172,NewSale
0x2e205ebEa4B8e1d6Cdf8B808053780f76a0531Ca,73785,0xbc2d6E7c81E7f35473b3594031FCC4c519fD24Ad,1,0x7e68c357706b4e0ad0fd7425dfdee0e09bf9c840,1,279000000000000,44740000,159289,4917763,1742970277,0xc45795c8a8dc0d01d9415b4b240c8857c62f28017c4759f27e95938301320b7f,NewSale
0xeF0Ef28b882d166B732d00A01Ea762B9CCd3FE44,73683,0xbc2d6E7c81E7f35473b3594031FCC4c519fD24Ad,1,0xea01fb473033ed0aea4f1ecc3c8bda41a2cf4134,1,280000000000000,44950141,157678,4917773,1742970297,0xc651bcf06ea0683e53dd1188626dad9c6daca3aafdf7b3e3a147ddb4022d6dcb,NewSale
0x57c59cDb4266AB9285B42a23C3767A124636A345,73696,0xbc2d6E7c81E7f35473b3594031FCC4c519fD24Ad,1,0x419211f6aeec7e8fbbca465f86a384461f7366e3,1,289000000000000,44993999,135790,4917780,1742970311,0x0b76670c8e122ea804b2080c6b98afaee185e9759dfe2a48ab0749ec79855ab9,NewSale
0x7E371061f13cF86739bFF05F92D6E3370ee73510,73702,0xbc2d6E7c81E7f35473b3594031FCC4c519fD24Ad,1,0x7e68c357706b4e0ad0fd7425dfdee0e09bf9c840,1,289000000000000,44810000,135790,4917785,1742970321,0x2f5a15d2a33127714392560d088c522c3dcd5f362c4d9cb009e6f45a364f7585,NewSale
0x2e205ebEa4B8e1d6Cdf8B808053780f76a0531Ca,73785,0xbc2d6E7c81E7f35473b3594031FCC4c519fD24Ad,1,0xcec925d74ec57c4d69159e6c3693f992dfd61297,1,279000000000000,45122255,142189,4917786,1742970323,0x569f1a6e8c0fa6e4d64fa9a67dadeef8cb63b5b899678fdbaaafc3267a117bed,NewSale
0x2e205ebEa4B8e1d6Cdf8B808053780f76a0531Ca,73785,0xbc2d6E7c81E7f35473b3594031FCC4c519fD24Ad,1,0x9fc440a1185497a988443d5ca151d8e0127995b7,1,279000000000000,45219888,142189,4917797,1742970345,0x8731a33867be32346c1d90e0a004829e38c2b25e33175b17e6e9b26c1fead0ac,NewSale
0xC0DEc165A5d6e6766Fbc35c977f89535899D0411,70984,0xbc2d6E7c81E7f35473b3594031FCC4c519fD24Ad,0,0x7e68c357706b4e0ad0fd7425dfdee0e09bf9c840,1,289990000000000,45000000,142201,4917799,1742970349,0x03edeac202cf262d041ebd105c801d213dc7368bcd0d4eeb5f1b6e3773a6fa2b,NewSale
0x6BDc3e4Ad587718F9a4131A845D1871b48F4de6F,73773,0xbc2d6E7c81E7f35473b3594031FCC4c519fD24Ad,1,0x419211f6aeec7e8fbbca465f86a384461f7366e3,1,289000000000000,45510812,135790,4917809,1742970369,0xfda0586b7f381211108370fef8333a973238177899bf439b8f6a985c2ada1f95,NewSale
0x6d78505b87748C5447F9469222f4c75837AeC487,73781,0xbc2d6E7c81E7f35473b3594031FCC4c519fD24Ad,1,0x3f65b7c3e2ef1f9f75361c993644c67b726fb95b,1,289000000000000,45400518,152890,4917813,1742970377,0x299f8608a89f2c5058806779b8f0d428b4af87f5a8fe3f4f9aaf1317bdc199b3,NewSale
0x2e205ebEa4B8e1d6Cdf8B808053780f76a0531Ca,73785,0xbc2d6E7c81E7f35473b3594031FCC4c519fD24Ad,1,0x69331c69ed6bf207a45356c2a4fdf6054ae26b3c,1,279000000000000,45317281,159289,4917822,1742970395,0x5049d7b136a805a16e905e876ed08c1e574361e4050b043ee0f04a57a2bfbb32,NewSale
0x7B9EbC399166bB1f7b85DC3B68DC013B447eBE68,73786,0xbc2d6E7c81E7f35473b3594031FCC4c519fD24Ad,1,0x9fc440a1185497a988443d5ca151d8e0127995b7,1,289000000000000,45284785,135790,4917823,1742970397,0x6535cfe0b4206a5e94bd3a65c30b8afcaa8db783dbfb22d9fbe84dfe62e53ec3,NewSale
0x111A5539eb9f9Ef17C3b6fdC7855b09825da1B4c,73759,0xbc2d6E7c81E7f35473b3594031FCC4c519fD24Ad,0,0xd8844b1661e8d7f22eb34feaee49b888be3f7f9b,1,300000000000000,45203645,140590,4917824,1742970399,0x4cb64d2bc4c65fa1130c8203b1823f957c521699d1b46735dc6fa7f3ef25a339,NewSale
0xC0DEc165A5d6e6766Fbc35c977f89535899D0411,70984,0xbc2d6E7c81E7f35473b3594031FCC4c519fD24Ad,0,0x419211f6aeec7e8fbbca465f86a384461f7366e3,1,289990000000000,45352480,142201,4917831,1742970413,0x72fd9007da556d2f4106ddaaae07c413f88c1d374cd0db06c78ca0a3ab145fee,NewSale
0x6e6a6dd1D71063730Ea202C4626Ba301bB29E313,73794,0xbc2d6E7c81E7f35473b3594031FCC4c519fD24Ad,0,0x7e68c357706b4e0ad0fd7425dfdee0e09bf9c840,1,270000000000000,45390000,140578,4917832,1742970415,0xbddcb516afb8c6d2fea55add98344e3320547f16b846a389081c8e4ea3ddf9e5,NewSale
0x2e205ebEa4B8e1d6Cdf8B808053780f76a0531Ca,73785,0xbc2d6E7c81E7f35473b3594031FCC4c519fD24Ad,1,0x19df5d96f5024f53459a282260cead38e8feb3b5,1,279000000000000,45111186,157678,4917842,1742970435,0x4faf0a89a05565875d5d427e2b75dd7730ff035a185d7497600e06102eb49027,NewSale
0x80fe121B69163E17bd4e9CC573652e29E48fa4ae,73534,0xbc2d6E7c81E7f35473b3594031FCC4c519fD24Ad,0,0xcec925d74ec57c4d69159e6c3693f992dfd61297,1,299000000000000,44853779,142201,4917852,1742970455,0x3051b5d25f9976caf88f01fa0df34fb9c0e907be44e3c02d8a4bfb36257fc96f,NewSale
0xC0DEc165A5d6e6766Fbc35c977f89535899D0411,70984,0xbc2d6E7c81E7f35473b3594031FCC4c519fD24Ad,0,0x419211f6aeec7e8fbbca465f86a384461f7366e3,1,289990000000000,44829305,142201,4917852,1742970455,0xd1e22b1cf8e3acd6903088ff4c298cd455b04f30c749bcf955fcf7955c0336ed,NewSale
0x6e6a6dd1D71063730Ea202C4626Ba301bB29E313,73793,0xbc2d6E7c81E7f35473b3594031FCC4c519fD24Ad,1,0xba89d66ac9549e5aabb2e23528702cbb974bde68,1,270000000000000,45090000,140578,4917859,1742970469,0x55979dff22a42eab377937ef4c17d518c253432edebf8962f53c36ba23c86e9c,NewSale
0x35467a1eA60383a0AE46aE683c368414d7F17DA6,73795,0xbc2d6E7c81E7f35473b3594031FCC4c519fD24Ad,1,0x19df5d96f5024f53459a282260cead38e8feb3b5,1,250000000000000,44717001,135778,4917860,1742970471,0x2dcb8147e441bb95bf598320d92391cc50b5cececaad699ba173e87133520095,NewSale
0x5037ec1560AA918e8f9E2405D8590F8Fd3BA6658,73548,0xbc2d6E7c81E7f35473b3594031FCC4c519fD24Ad,0,0x3f65b7c3e2ef1f9f75361c993644c67b726fb95b,1,299900000000000,44675562,140590,4917865,1742970481,0xa5bb4894c409d135032a770be952515c26122c413b696e48f26992b211ae0422,NewSale
0x9Bb71963d76ec050900c19e53FFcA67b5e4B3324,73797,0xbc2d6E7c81E7f35473b3594031FCC4c519fD24Ad,1,0x19df5d96f5024f53459a282260cead38e8feb3b5,1,289000000000000,44739503,135790,4917873,1742970497,0x4091616fefb694eff62a25bcb2355be7216309a839e769637040937a38be54fa,NewSale
0x8A50dEB4AA603BdbDeA9c99e204518cA23b71D2a,72358,0xdc0F91C5a4D200FfC21658901c77c0fE1A14d199,0,0x8a89e9075dc6fbf51716d2b466c8e15a8f441de1,1,640000000000000,44767451,167271,4917875,1742970501,0xcbf88e7030d1da488e923d8e1224e447dc09a0ac5662e723ab7eb49aa0b68977,NewSale
0x05D621A053E51ebBC7e445cd9FCC533c72ff5385,73798,0xbc2d6E7c81E7f35473b3594031FCC4c519fD24Ad,1,0x19df5d96f5024f53459a282260cead38e8feb3b5,1,281000000000000,46246741,140578,4917891,1742970533,0x2dc098dc9ab0202de6c6deaf908e9409fea6392ce082f424b94649df9847a1b2,NewSale
0xC0DEc165A5d6e6766Fbc35c977f89535899D0411,70984,0xbc2d6E7c81E7f35473b3594031FCC4c519fD24Ad,0,0xf131a0f44e0dcbad132e3c5c3a6b40590319acca,1,289990000000000,44537202,159301,4917898,1742970547,0x6c2725cf808442fc695c6aa33895240c10990b2ced45d80e25f23a3e356f7378,NewSale
0x80fe121B69163E17bd4e9CC573652e29E48fa4ae,73534,0xbc2d6E7c81E7f35473b3594031FCC4c519fD24Ad,0,0x3f65b7c3e2ef1f9f75361c993644c67b726fb95b,1,299000000000000,44570861,142201,4917912,1742970575,0xe35e25cbc3567ac4d3b2b4aa0a9a2c6ffc26c92fe0b7168b69a2638733b19e22,NewSale
0xC0DEc165A5d6e6766Fbc35c977f89535899D0411,70984,0xbc2d6E7c81E7f35473b3594031FCC4c519fD24Ad,0,0xf131a0f44e0dcbad132e3c5c3a6b40590319acca,1,289990000000000,44501296,142201,4917913,1742970577,0x1cd46a3d6037a8ea8afccda5443ccce2cb04cc87d7adfbefd0573fcabe2bc017,NewSale
0x80fe121B69163E17bd4e9CC573652e29E48fa4ae,73372,0xbc2d6E7c81E7f35473b3594031FCC4c519fD24Ad,0,0xcec925d74ec57c4d69159e6c3693f992dfd61297,1,298000000000000,44483793,142201,4917914,1742970579,0x5b564c2646a9d4a2429d2cb778fc633f9f97698ea25d4ec57ad26524e9d08893,NewSale
0xC0DEc165A5d6e6766Fbc35c977f89535899D0411,69597,0xbc2d6E7c81E7f35473b3594031FCC4c519fD24Ad,0,0x3f65b7c3e2ef1f9f75361c993644c67b726fb95b,1,298000000000000,45161555,142201,4917952,1742970655,0x6233220db5e2a009879824f17d4d7ef850c015f7f75f20e1e024425465760e48,NewSale
0xa8a1623F04B212f001D382930226FE9582c08525,73822,0xbc2d6E7c81E7f35473b3594031FCC4c519fD24Ad,1,0x9fc440a1185497a988443d5ca151d8e0127995b7,1,289000000000000,45273786,135790,4917961,1742970673,0xadd93245d79302c454b2c29f5abd905db9e3171e4f1f33db7047e0438a439638,NewSale
0xC0DEc165A5d6e6766Fbc35c977f89535899D0411,70984,0xbc2d6E7c81E7f35473b3594031FCC4c519fD24Ad,0,0x5178c4fcd6f8afd118e760f33703691dba434213,1,289990000000000,45388786,142201,4917984,1742970719,0xbfb01b6c2d3f8127831ef0a91c72fdab1b73890b631f6ad35d08278fab410ed8,NewSale
0xC0DEc165A5d6e6766Fbc35c977f89535899D0411,70984,0xbc2d6E7c81E7f35473b3594031FCC4c519fD24Ad,0,0xf131a0f44e0dcbad132e3c5c3a6b40590319acca,1,289990000000000,45700924,142201,4917986,1742970723,0xf3c34f53c5bdf4c3aba5f038e7dc4102e55777c0b5bdb34d7915101c89943861,NewSale
0xC0DEc165A5d6e6766Fbc35c977f89535899D0411,70984,0xbc2d6E7c81E7f35473b3594031FCC4c519fD24Ad,0,0x19df5d96f5024f53459a282260cead38e8feb3b5,1,289990000000000,46219335,142201,4917999,1742970749,0x5412db8fdc6a8a3835cbca22ce6055122cd0ec68402f5c97c02d377d777b9b73,NewSale
0x419211F6AEEC7E8fBbcA465f86a384461F7366e3,73843,0xbc2d6E7c81E7f35473b3594031FCC4c519fD24Ad,1,0xf131a0f44e0dcbad132e3c5c3a6b40590319acca,1,260000000000000,46254645,157678,4918001,1742970753,0x4a284d65731b7d2c04ffdcbe40f48883628462f8a519b98c531787eb51a479c7,NewSale
0xAcB8c73415Eeb2b30Bb17f3917BaBA8027e71008,73299,0xbc2d6E7c81E7f35473b3594031FCC4c519fD24Ad,1,0x3f65b7c3e2ef1f9f75361c993644c67b726fb95b,1,299000000000000,45955565,135790,4918002,1742970755,0xddb3bbf429685b4cf02c1a8e25ada64f587688f9a01d7f8a51c10aee608a1dfc,NewSale
0x419211F6AEEC7E8fBbcA465f86a384461F7366e3,73849,0xbc2d6E7c81E7f35473b3594031FCC4c519fD24Ad,1,0x9fc440a1185497a988443d5ca151d8e0127995b7,1,260000000000000,45903978,140578,4918009,1742970769,0x30677517517d75e17cb66227ab1be027bb4690d939288b9875f0f69d453a247e,NewSale
0x6e6a6dd1D71063730Ea202C4626Ba301bB29E313,73841,0xbc2d6E7c81E7f35473b3594031FCC4c519fD24Ad,0,0x7e8ed65fa3638d95daa4aec0d55f274bd566d5fa,1,289000000000000,46009437,152890,4918010,1742970771,0x913cd8c8779620a177a748618a566188cee15cda85791da62876770533a14daa,NewSale
0xC0DEc165A5d6e6766Fbc35c977f89535899D0411,70984,0xbc2d6E7c81E7f35473b3594031FCC4c519fD24Ad,0,0xcbd835d9df28eaf83b4892ddfa2e39c40a8e9e66,1,289990000000000,46146678,142201,4918015,1742970781,0xa4fa16ace3b206ac7dc65e715714e9a49fd09aab6132aad7745dd70adfeb6358,NewSale
0x118aD5dA97c75d7a875fA3D3366D871bed5D5a71,73374,0x897d1cBBeDC44c8371672e8cA72555b5194D6D86,0,0xd067b8fd4b9ec1b50f4d1841eaffb2833be2bed2,1,700000000000000,46286481,145399,4918021,1742970793,0x32b4ee6c4a9b234b639c5a7f64bbf201ba35699569776da288eb2bac9c74dd38,NewSale
0xC0DEc165A5d6e6766Fbc35c977f89535899D0411,70984,0xbc2d6E7c81E7f35473b3594031FCC4c519fD24Ad,0,0x0cab9098a9e924c160cb7ed055b1499b5d9bcb55,1,289990000000000,46710000,142201,4918033,1742970817,0xbdf9154ff5af95cbb5942d956d4f233fb9b73c7784d2e06ca46192b70f334526,NewSale
0x419211F6AEEC7E8fBbcA465f86a384461F7366e3,73846,0xbc2d6E7c81E7f35473b3594031FCC4c519fD24Ad,1,0x9fc440a1185497a988443d5ca151d8e0127995b7,1,260000000000000,46471597,135778,4918033,1742970817,0x83ba2db55bf62357a83353bb92c3f1b0cceba34ecaae5c643e686c76e70f55d9,NewSale
0x35467a1eA60383a0AE46aE683c368414d7F17DA6,73701,0xEB255E4669Da7FeEf1F746a5a778b4e08b65a1A7,0,0x8a89e9075dc6fbf51716d2b466c8e15a8f441de1,1,460000000000000,46981696,162483,4918034,1742970819,0x4f60289c0a735f818e969df6e9348f2989e394c502ed2ed2e6bf1f5af3e28643,NewSale
0xC0DEc165A5d6e6766Fbc35c977f89535899D0411,69451,0xbc2d6E7c81E7f35473b3594031FCC4c519fD24Ad,0,0xea01fb473033ed0aea4f1ecc3c8bda41a2cf4134,1,299999900000000,46909897,142201,4918048,1742970847,0xf221e3ee1628b52e7ec589f5e9a9a3d11d6232f5b23fed02482b791309a32cb1,NewSale
0x80fe121B69163E17bd4e9CC573652e29E48fa4ae,73372,0xbc2d6E7c81E7f35473b3594031FCC4c519fD24Ad,0,0x3f65b7c3e2ef1f9f75361c993644c67b726fb95b,1,298000000000000,46891865,142201,4918053,1742970857,0x8f3bbf0a8a299532be36a34079657ce9a905d8b4c07072b7bc2a672c27f01dc0,NewSale
0x419211F6AEEC7E8fBbcA465f86a384461F7366e3,73851,0xbc2d6E7c81E7f35473b3594031FCC4c519fD24Ad,0,0xcbd835d9df28eaf83b4892ddfa2e39c40a8e9e66,1,260000000000000,46911246,140578,4918058,1742970867,0xd35ad805986abf0536bb2b31f5317aa1c748dbfd463a5ee02b95fae6ec856316,NewSale
0x419211F6AEEC7E8fBbcA465f86a384461F7366e3,73853,0xbc2d6E7c81E7f35473b3594031FCC4c519fD24Ad,0,0x6e6a6dd1d71063730ea202c4626ba301bb29e313,1,260000000000000,47517065,157678,4918069,1742970889,0x981d244d394bc43111939e1028bd3691874d0e44abab8b3695729507fa8e142b,NewSale
0xeF0Ef28b882d166B732d00A01Ea762B9CCd3FE44,73840,0xbc2d6E7c81E7f35473b3594031FCC4c519fD24Ad,1,0xcbd835d9df28eaf83b4892ddfa2e39c40a8e9e66,1,285000000000000,47325482,142201,4918085,1742970921,0x74648d453c235c9bb8cc716a90975b78c1662c0bb068df06000cada8afbf41ad,NewSale
0xC0DEc165A5d6e6766Fbc35c977f89535899D0411,69451,0xbc2d6E7c81E7f35473b3594031FCC4c519fD24Ad,0,0x0cab9098a9e924c160cb7ed055b1499b5d9bcb55,1,299999900000000,47590000,142201,4918091,1742970933,0xb36809242fdb3c87f9ecde7ec08a1a28871f4c13b72b74e83b5b8b515fcc11a8,NewSale
0xeF0Ef28b882d166B732d00A01Ea762B9CCd3FE44,73840,0xbc2d6E7c81E7f35473b3594031FCC4c519fD24Ad,1,0x445dbba26346c82db233342764a9b33f95930c67,1,285000000000000,47289606,159301,4918097,1742970945,0x5d64c097999c35232079538bf3cae8a24735d4a92e67bef6cf197b096e6b17cf,NewSale
0xeF0Ef28b882d166B732d00A01Ea762B9CCd3FE44,73840,0xbc2d6E7c81E7f35473b3594031FCC4c519fD24Ad,1,0x9fc440a1185497a988443d5ca151d8e0127995b7,1,285000000000000,47440381,142201,4918098,1742970947,0x93d25a6fe68cbfd5d6725d61b1e46c103f2ab2717341bfecfb4607a45d69fb17,NewSale
0xeF0Ef28b882d166B732d00A01Ea762B9CCd3FE44,73840,0xbc2d6E7c81E7f35473b3594031FCC4c519fD24Ad,1,0xcbd835d9df28eaf83b4892ddfa2e39c40a8e9e66,1,285000000000000,47440381,142201,4918098,1742970947,0x730c237339767ba9f0a505baac6cc44e3a9b59a3769bd416506e28b08b3d8793,NewSale
0x020202E1EE7481E587C5F333918eDe01A5cc67A6,73854,0xbc2d6E7c81E7f35473b3594031FCC4c519fD24Ad,1,0xcbd835d9df28eaf83b4892ddfa2e39c40a8e9e66,1,289000000000000,47700017,135790,4918112,1742970975,0xed3ea767e505af0894201f397b8cd9514491e37786009ec9be4288a154bf9d7c,NewSale
0xeF0Ef28b882d166B732d00A01Ea762B9CCd3FE44,73840,0xbc2d6E7c81E7f35473b3594031FCC4c519fD24Ad,1,0x9fc440a1185497a988443d5ca151d8e0127995b7,1,285000000000000,47700017,142201,4918112,1742970975,0x680fa6a841ae90f79ce58a3c2f5328c3c19ceab4039f194bd3b294636f96b8f5,NewSale
0xC0DEc165A5d6e6766Fbc35c977f89535899D0411,70984,0xbc2d6E7c81E7f35473b3594031FCC4c519fD24Ad,0,0x3f65b7c3e2ef1f9f75361c993644c67b726fb95b,1,289990000000000,47869825,142201,4918113,1742970977,0x9876e87fe36ecd753a8d90e805b59a1deb5e6d8ab2427d128120389717e12c79,NewSale
0xeF0Ef28b882d166B732d00A01Ea762B9CCd3FE44,73840,0xbc2d6E7c81E7f35473b3594031FCC4c519fD24Ad,1,0xcbd835d9df28eaf83b4892ddfa2e39c40a8e9e66,1,285000000000000,47828632,142201,4918126,1742971003,0xf0417001a63d422839bf219ffd1e9040f0f70bd8f52932814dc5a9e6e4d75f1f,NewSale
0xC0DEc165A5d6e6766Fbc35c977f89535899D0411,70984,0xbc2d6E7c81E7f35473b3594031FCC4c519fD24Ad,0,0xf131a0f44e0dcbad132e3c5c3a6b40590319acca,1,289990000000000,48357012,142201,4918130,1742971011,0xf4b6dd78435d47e75caaf7c963acb812dd094c464a34530e8239d8deb717dc04,NewSale
0x2aC59b7AF734834c30C61F703eBc9dC337dC1CBD,73817,0xFC000E355ea1dC4A8B8e40B7A09d1fFf82596D7b,0,0x7e8ed65fa3638d95daa4aec0d55f274bd566d5fa,1,500000000000000,48863780,152874,4918140,1742971031,0x1dc09865c315cabb001bacb0ea4802fd4d158ab039e74ff3176dc676f8537c2f,NewSale
0xAA9Dd04607320f0611ff04D5c85CC68d498644A0,73857,0xbc2d6E7c81E7f35473b3594031FCC4c519fD24Ad,1,0xf131a0f44e0dcbad132e3c5c3a6b40590319acca,1,289000000000000,48857861,135790,4918143,1742971037,0x609da2d25b1a89255cdcd947debfe84c684585799cdf40a013d17352c4c4805d,NewSale
0x41f07238C5096Eb7eb68c50FE8AE5AdDECBBF5C2,69972,0xbFCACb23F0B41EeEDFf7d04f52CE8f5125150806,5,0x7e8ed65fa3638d95daa4aec0d55f274bd566d5fa,1,500000000000000,48878738,164783,4918154,1742971059,0xb506b1cf0079d2b8a61951b64c347f5d7263ef1e9033ff69090b491dae517aeb,NewSale
0x75C3b7F0a6fA43E00A93394CbA6949Fd4481e86f,73855,0xbc2d6E7c81E7f35473b3594031FCC4c519fD24Ad,0,0x54477ed735d4997ef16fd9fb1aa047e789c7391d,1,600000000000000,48478738,152890,4918154,1742971059,0xc6a9f8238c3a228f896ee164d80da3ad29911c17cf390de77b52388f942455bf,NewSale
0xC0DEc165A5d6e6766Fbc35c977f89535899D0411,70984,0xbc2d6E7c81E7f35473b3594031FCC4c519fD24Ad,0,0xf131a0f44e0dcbad132e3c5c3a6b40590319acca,1,289990000000000,48937147,142201,4918159,1742971069,0x56b60da812bf065cf6e4a36426bf2cd5cb522569871fcae03284049d61d481d1,NewSale
0x2aC59b7AF734834c30C61F703eBc9dC337dC1CBD,73818,0xF4527A094c80C7eD9039Ed485d1AAb914b074A49,0,0x0a61df41dcf1f80742d2c76a7bdfca0a3055a51e,1,500000000000000,48937147,162483,4918159,1742971069,0x8bfb3573b8b2bfa235335f436be262900adc5d08b8604e40f18e07c5aae3b256,NewSale
0x4143E0a81aceaE1460eE208A93615126fcfc8126,73861,0xbc2d6E7c81E7f35473b3594031FCC4c519fD24Ad,1,0x0a61df41dcf1f80742d2c76a7bdfca0a3055a51e,1,289000000000000,49459317,152890,4918174,1742971099,0x72f7f2c035c69e2e81cca3065e449725f93b4fca256fd7c6971d78eb6ff4e39f,NewSale
0xeF0Ef28b882d166B732d00A01Ea762B9CCd3FE44,73840,0xbc2d6E7c81E7f35473b3594031FCC4c519fD24Ad,1,0xe91b8d9aa9303d6d40eb6c1d3999eacf1adc92ed,1,285000000000000,49130000,159301,4918177,1742971105,0xda8bed693a8b456ec563544b42d7ddfdba544e2c47706665b40c96962be438dd,NewSale
0xeF0Ef28b882d166B732d00A01Ea762B9CCd3FE44,73840,0xbc2d6E7c81E7f35473b3594031FCC4c519fD24Ad,1,0x3f65b7c3e2ef1f9f75361c993644c67b726fb95b,1,285000000000000,49094889,142201,4918177,1742971105,0x83147f2bc42f201890b4c462c86abd37bc269d2845be308ea862cb94ce865254,NewSale
0xC0DEc165A5d6e6766Fbc35c977f89535899D0411,70984,0xbc2d6E7c81E7f35473b3594031FCC4c519fD24Ad,0,0xf131a0f44e0dcbad132e3c5c3a6b40590319acca,1,289990000000000,49681905,142201,4918181,1742971113,0xfc082eb51a7bb2572ab6b36d6c2d9cdf0eb866aaf763075ff65f2964c5f4642e,NewSale
0xC0DEc165A5d6e6766Fbc35c977f89535899D0411,70984,0xbc2d6E7c81E7f35473b3594031FCC4c519fD24Ad,0,0x0a61df41dcf1f80742d2c76a7bdfca0a3055a51e,1,289990000000000,49585162,142201,4918186,1742971123,0x56f622f277ef2c12bd2810d51b25c8f09707f04d004f7cbfe1bddbd2769fb5d0,NewSale
0xC0DEc165A5d6e6766Fbc35c977f89535899D0411,70984,0xbc2d6E7c81E7f35473b3594031FCC4c519fD24Ad,0,0xf131a0f44e0dcbad132e3c5c3a6b40590319acca,1,289990000000000,49712316,142201,4918195,1742971141,0x4786cb698d87a8fb3f4c3bd4fd3aa1e17c9b8e37d482748e3631b3b5fc20c84f,NewSale
0xeF0Ef28b882d166B732d00A01Ea762B9CCd3FE44,73840,0xbc2d6E7c81E7f35473b3594031FCC4c519fD24Ad,1,0x05d621a053e51ebbc7e445cd9fcc533c72ff5385,1,285000000000000,49627977,142201,4918197,1742971145,0x9d33ec1fa6a145c59772290dde1010a31a60fb75c2aa6d83815065e9d207309c,NewSale
0xeF0Ef28b882d166B732d00A01Ea762B9CCd3FE44,73840,0xbc2d6E7c81E7f35473b3594031FCC4c519fD24Ad,1,0xe91b8d9aa9303d6d40eb6c1d3999eacf1adc92ed,1,285000000000000,49220000,135790,4918197,1742971145,0xcd0f1dba6a24b3df72b6ad124b6e853639ebda29171bcabec2aa3f6c43614d26,NewSale
0xC0DEc165A5d6e6766Fbc35c977f89535899D0411,70984,0xbc2d6E7c81E7f35473b3594031FCC4c519fD24Ad,0,0x0a61df41dcf1f80742d2c76a7bdfca0a3055a51e,1,289990000000000,49980329,142201,4918204,1742971159,0x57e176fa8e4e6905cdf7b32492d972f8958c3bae52dade84ffb40bf954d1182e,NewSale
0xC0DEc165A5d6e6766Fbc35c977f89535899D0411,69451,0xbc2d6E7c81E7f35473b3594031FCC4c519fD24Ad,0,0x0a61df41dcf1f80742d2c76a7bdfca0a3055a51e,1,299999900000000,51402470,142201,4918215,1742971181,0x525e1e28728d201454e0af16a02563605d1045ef799c45cac93f64f642e7fc90,NewSale
0xC0DEc165A5d6e6766Fbc35c977f89535899D0411,70984,0xbc2d6E7c81E7f35473b3594031FCC4c519fD24Ad,0,0x73762fb81ff0c91f7bd925e5b14638e5e16fa947,1,289990000000000,50981024,142201,4918218,1742971187,0x482a1879aebeeb0d328e7b40c8996e2655a325078d0ba6820d0b96d3cfd2c4c0,NewSale
0x2aC59b7AF734834c30C61F703eBc9dC337dC1CBD,73813,0xdc0F91C5a4D200FfC21658901c77c0fE1A14d199,0,0xc9a5e627002c190e4e4bbf5c94c2d69076378b37,1,500000000000000,51425673,162471,4918222,1742971195,0xb39c93c85565b5313b5d261990c0f12fd1d95b37968241a1675501ca42142e19,NewSale
0xC0DEc165A5d6e6766Fbc35c977f89535899D0411,69451,0xbc2d6E7c81E7f35473b3594031FCC4c519fD24Ad,0,0x0a61df41dcf1f80742d2c76a7bdfca0a3055a51e,1,299999900000000,52427066,142201,4918226,1742971203,0x4a438c73e24dd3c5d3c7eda5e8b1032065e648c6120db2a57036ceed01d8f080,NewSale
0x80fe121B69163E17bd4e9CC573652e29E48fa4ae,73534,0xbc2d6E7c81E7f35473b3594031FCC4c519fD24Ad,0,0x0a61df41dcf1f80742d2c76a7bdfca0a3055a51e,1,299000000000000,53520740,142201,4918236,1742971223,0xb39866948969ed552f15ed2b556a6c40bab3446ee6e0da71c4697d5a40d297b0,NewSale
0xC0DEc165A5d6e6766Fbc35c977f89535899D0411,69597,0xbc2d6E7c81E7f35473b3594031FCC4c519fD24Ad,0,0xf131a0f44e0dcbad132e3c5c3a6b40590319acca,1,298000000000000,53515685,142201,4918237,1742971225,0x47f9f0131387817da12a297e774f6310301b2312c4ac13cad040c411c16ffd88,NewSale
0xC0DEc165A5d6e6766Fbc35c977f89535899D0411,70984,0xbc2d6E7c81E7f35473b3594031FCC4c519fD24Ad,0,0x0a61df41dcf1f80742d2c76a7bdfca0a3055a51e,1,289990000000000,54536248,142201,4918252,1742971255,0x18cab9a12cca3be9c0b5aa7dc27245ac5eb21f0f12c038d2cc4d00095cee58d1,NewSale
0x2e205ebEa4B8e1d6Cdf8B808053780f76a0531Ca,73869,0xbc2d6E7c81E7f35473b3594031FCC4c519fD24Ad,1,0xa499490597d9b9a5fa2e478b5b9c07c83e97a199,1,16002000000000002000,54470000,182178,4918259,1742971269,0xf8038623091a9e685b5a02469051d4df9d9fbca4a7c0bad22a442fc05a1ceb6e,NewSale
0xC0DEc165A5d6e6766Fbc35c977f89535899D0411,70984,0xbc2d6E7c81E7f35473b3594031FCC4c519fD24Ad,0,0x05d621a053e51ebbc7e445cd9fcc533c72ff5385,1,289990000000000,54823794,142201,4918260,1742971271,0x81ea2133cb811dc51b426a146640cf9fc603e6cda3e6501d14fb7e3fcf1eacca,NewSale
0xC0DEc165A5d6e6766Fbc35c977f89535899D0411,69597,0xbc2d6E7c81E7f35473b3594031FCC4c519fD24Ad,0,0x0a61df41dcf1f80742d2c76a7bdfca0a3055a51e,1,298000000000000,55201666,142201,4918263,1742971277,0x70114205d07b882faf807c874b53578258165f03652804288c5b4c4fbc4c9ed4,NewSale
0x2aC59b7AF734834c30C61F703eBc9dC337dC1CBD,73836,0x0c951D9e6EC40FB01007AA8463a98a4C8829874d,0,0xbaa9672503be4067ccc6ebb08bee52af3e0b3b4c,1,500000000000000,54638633,145383,4918268,1742971287,0xe42e18816822ef32b0f8414198c05017c3c00f6171ac362b3b79102ef4a3f438,NewSale
0x80fe121B69163E17bd4e9CC573652e29E48fa4ae,73372,0xbc2d6E7c81E7f35473b3594031FCC4c519fD24Ad,0,0x0a61df41dcf1f80742d2c76a7bdfca0a3055a51e,1,298000000000000,56319130,142201,4918276,1742971303,0xb79deffae639e671340b55a20d4d93eccc4e2944992b55ed8cb71ae2719591e9,NewSale
0x2e205ebEa4B8e1d6Cdf8B808053780f76a0531Ca,73869,0xbc2d6E7c81E7f35473b3594031FCC4c519fD24Ad,1,0xa499490597d9b9a5fa2e478b5b9c07c83e97a199,1,16002000000000002000,56590000,165078,4918289,1742971329,0xc299cb9ac4572e7a049c2ade007e9ec9b140007cefbc3316c9e686ce4b5dddcf,NewSale
0x6e6a6dd1D71063730Ea202C4626Ba301bB29E313,73864,0xbc2d6E7c81E7f35473b3594031FCC4c519fD24Ad,0,0x05d621a053e51ebbc7e445cd9fcc533c72ff5385,1,279000000000000,56630854,135778,4918292,1742971335,0xb7d916aeba37557604b7cdd088ea1254f79cce2759c703ba2ab5449fcf888f74,NewSale
0x2aC59b7AF734834c30C61F703eBc9dC337dC1CBD,73820,0x2Bf46D4497e98FbA2304B0d2453922FFf559Ea02,1,0x69331c69ed6bf207a45356c2a4fdf6054ae26b3c,1,500000000000000,57462428,162483,4918302,1742971355,0x769fdad07e0c7ee25aaeae9f60355b6aa49eebf77728462f5f201fda7f86b7e1,NewSale
0x60B40dC117d6603Fc965c3B7d80A246B93021905,73872,0xbc2d6E7c81E7f35473b3594031FCC4c519fD24Ad,1,0x29b8cbd964bdd8745034ce28b93079d25613f67e,1,289000000000000,57772142,152890,4918314,1742971379,0x7402d45be5c28973f03bdd0353448b575e374a396d328fa3fcef4df2a3960610,NewSale
0x80fe121B69163E17bd4e9CC573652e29E48fa4ae,73534,0xbc2d6E7c81E7f35473b3594031FCC4c519fD24Ad,0,0x45991e00b4d06cfc2985403ef25656d3fcdf177b,1,299000000000000,57164606,142189,4918325,1742971401,0x6824f101c26d158637131573f86efe7d28eb1043a87dbc0b70f9383bdaf8a484,NewSale
0x6e6a6dd1D71063730Ea202C4626Ba301bB29E313,73865,0xbc2d6E7c81E7f35473b3594031FCC4c519fD24Ad,1,0x882efc8075522e956abb4837e69c4cb13c75a5f0,1,279000000000000,57160690,157678,4918363,1742971477,0x18b53d565b37a501bacac3c61b1952ab6a389e62c72ffef86af197464e6c5eeb,NewSale
0x568227e9046b98907FB6404A20CF7A2df0EE322a,73876,0xbc2d6E7c81E7f35473b3594031FCC4c519fD24Ad,1,0x882efc8075522e956abb4837e69c4cb13c75a5f0,1,289000000000000,57312869,135790,4918379,1742971509,0xfc39f5abd2d1def4cdf3eb32cb4cd62efbbaa110be6534697fb0c6b820eaacee,NewSale
0x56Ffd1BF1aeDBB4814FBc69704544736798b605a,73886,0xbc2d6E7c81E7f35473b3594031FCC4c519fD24Ad,0,0x34698dd9b5699900d877548704a43fc64f456e40,1,1000000000000000000,57180000,180531,4918382,1742971515,0xc7a00c51c144555dbb78f672c6934893b0d4cc6aedd0a86e8bc289ab9f59f48d,NewSale
0x7e68c357706B4E0aD0fd7425Dfdee0E09Bf9c840,73887,0xbc2d6E7c81E7f35473b3594031FCC4c519fD24Ad,1,0x882efc8075522e956abb4837e69c4cb13c75a5f0,1,270000000000000,57797943,140578,4918395,1742971541,0xdcfcc4b475f2b1cd22a15cbe592289f009f698f1be0c6e2f763b5b455203b0dc,NewSale
0x626902B74Cad96299A0AA1fDC728b73eF3166BA6,73719,0xDfC21bE7cC791a5f03A95E836D385bBC6d7dF384,1209,0x43424e49587aae46066cbc857128b7f5b2138342,1,550000000000000,58240117,155258,4918397,1742971545,0xf055f244d2181885b423ca000245e3ba20b107e0f1a2ca4786a5d9009d64974a,NewSale
0x2e205ebEa4B8e1d6Cdf8B808053780f76a0531Ca,73889,0xbc2d6E7c81E7f35473b3594031FCC4c519fD24Ad,1,0x882efc8075522e956abb4837e69c4cb13c75a5f0,1,279000000000000,59788446,142189,4918412,1742971575,0x5ea6f94638839714cd4feb1d96b2b3bd4c914115bbb9266146322bf6d049b852,NewSale
0xC0DEc165A5d6e6766Fbc35c977f89535899D0411,70984,0xbc2d6E7c81E7f35473b3594031FCC4c519fD24Ad,0,0x98b30745e5e1fe541491b1a89d90730a8e0bbeab,1,289990000000000,60337002,142201,4918417,1742971585,0x52f96b9ee198b64f5028144f9ed3a75a2f7f4bc0b5ec55977649263bf24fb2cd,NewSale
0x2e205ebEa4B8e1d6Cdf8B808053780f76a0531Ca,73889,0xbc2d6E7c81E7f35473b3594031FCC4c519fD24Ad,1,0x05d621a053e51ebbc7e445cd9fcc533c72ff5385,1,279000000000000,60106420,142189,4918427,1742971605,0x5968130156a715f610523b530426d706a2b5f312a3a6b41cdce5ba0d7ecd04ea,NewSale
0x2e205ebEa4B8e1d6Cdf8B808053780f76a0531Ca,73889,0xbc2d6E7c81E7f35473b3594031FCC4c519fD24Ad,1,0x98b30745e5e1fe541491b1a89d90730a8e0bbeab,1,279000000000000,60106420,159289,4918427,1742971605,0x30f40710333c3c5648aea0c354981a3d0adcda7281df4f6ebf17ae1a6d327431,NewSale
0x56Ffd1BF1aeDBB4814FBc69704544736798b605a,73895,0xbc2d6E7c81E7f35473b3594031FCC4c519fD24Ad,0,0x34698dd9b5699900d877548704a43fc64f456e40,1,1000000000000000000,59710000,163431,4918427,1742971605,0xfc8bbeea8deb2ecfb6409f82a09eb8f25c61628ec7723c715309ed9d17150313,NewSale
0x2e205ebEa4B8e1d6Cdf8B808053780f76a0531Ca,73889,0xbc2d6E7c81E7f35473b3594031FCC4c519fD24Ad,1,0x882efc8075522e956abb4837e69c4cb13c75a5f0,1,279000000000000,59668808,142189,4918428,1742971607,0xb1394f221e5d0f3290b29ab2e1c6427cdbc287d0c4964aacea2e101348e5e9b0,NewSale
0x626902B74Cad96299A0AA1fDC728b73eF3166BA6,73695,0x02e21A25F0038fa5BDEe9c0b77aC0c1E84d3d6f0,1370,0x43424e49587aae46066cbc857128b7f5b2138342,1,750000000000000,59709918,155258,4918432,1742971615,0x7416cae087b4451702910141a264dc175c9247d8f3eda7ab27d16031b9659fa7,NewSale
0x2e205ebEa4B8e1d6Cdf8B808053780f76a0531Ca,73889,0xbc2d6E7c81E7f35473b3594031FCC4c519fD24Ad,1,0x98b30745e5e1fe541491b1a89d90730a8e0bbeab,1,279000000000000,59893917,142189,4918440,1742971631,0x352373e60ac9eb07923e5ad0a6f2bfe08a892e750c73173e4e18055d887e279c,NewSale
0x33FD8e88a74Fec2E8ffA23916b47A8b03806A85B,73874,0xbc2d6E7c81E7f35473b3594031FCC4c519fD24Ad,0,0xc126ebcbcc244fc3cd2b60fd65600b3bb96bc681,1,300000000000000,59970000,140590,4918443,1742971637,0x2b629358828c72d3aa01e7a5879c14fbc866f163cd364d16a2ef0693017ab2ba,NewSale
0x2e205ebEa4B8e1d6Cdf8B808053780f76a0531Ca,73889,0xbc2d6E7c81E7f35473b3594031FCC4c519fD24Ad,1,0x882efc8075522e956abb4837e69c4cb13c75a5f0,1,279000000000000,59539174,142189,4918444,1742971639,0x6cd3e35424ff274918f2c6a1ffab384cd1ac8e5d825b9e23575a94c72d9e70b0,NewSale
0x2e205ebEa4B8e1d6Cdf8B808053780f76a0531Ca,73889,0xbc2d6E7c81E7f35473b3594031FCC4c519fD24Ad,1,0x05d621a053e51ebbc7e445cd9fcc533c72ff5385,1,279000000000000,59882959,142189,4918445,1742971641,0x354ede3f49d48d45fbb1f387ac8856b143838bd6b41b6942993244fa301d7efc,NewSale
0x2e205ebEa4B8e1d6Cdf8B808053780f76a0531Ca,73889,0xbc2d6E7c81E7f35473b3594031FCC4c519fD24Ad,1,0x98b30745e5e1fe541491b1a89d90730a8e0bbeab,1,279000000000000,59726554,142189,4918453,1742971657,0x43bd848bfa2d019e6cd846fa36d6e086dc97c56dedee2bbd9c69a95509c6f23b,NewSale
0x41f07238C5096Eb7eb68c50FE8AE5AdDECBBF5C2,69979,0xbFCACb23F0B41EeEDFf7d04f52CE8f5125150806,5,0x8a89e9075dc6fbf51716d2b466c8e15a8f441de1,1,500000000000000,59507849,164783,4918461,1742971673,0x132fae3f0c0e1921cdc30cebc9ea407eb7764b56ace398833ae01110d5446891,NewSale
0x2e205ebEa4B8e1d6Cdf8B808053780f76a0531Ca,73889,0xbc2d6E7c81E7f35473b3594031FCC4c519fD24Ad,1,0x98b30745e5e1fe541491b1a89d90730a8e0bbeab,1,279000000000000,59251786,142189,4918474,1742971699,0xe43e6112a52cbcbdaa3f156a21a21e41a710b6bf5cb8a78ef7fec2d04d58e3da,NewSale
0x7e68c357706B4E0aD0fd7425Dfdee0E09Bf9c840,73904,0xbc2d6E7c81E7f35473b3594031FCC4c519fD24Ad,0,0x98b30745e5e1fe541491b1a89d90730a8e0bbeab,1,270000000000000,58891242,140578,4918494,1742971739,0x53ec1e46a8f86a718396b13299b2890c5b7fb05ac813139fcd82a6440b4b1d03,NewSale
0xd965FF2929d7E0e54F30c011Eb48f64c80293C85,73888,0xbc2d6E7c81E7f35473b3594031FCC4c519fD24Ad,1,0x73762fb81ff0c91f7bd925e5b14638e5e16fa947,1,289000000000000,58309686,152890,4918505,1742971761,0x0a6696d0eaaa781ac7d5103f2757d77c0c1bb2786e64b6c199092eff99a32456,NewSale
0x7e68c357706B4E0aD0fd7425Dfdee0E09Bf9c840,73905,0xbc2d6E7c81E7f35473b3594031FCC4c519fD24Ad,1,0x98b30745e5e1fe541491b1a89d90730a8e0bbeab,1,270000000000000,58495018,135778,4918514,1742971779,0x83cecf7e0823024d537e553d3b84246e20b480b2a9e9bdb1d78082925bc2aed7,NewSale
0x56Ffd1BF1aeDBB4814FBc69704544736798b605a,73910,0xbc2d6E7c81E7f35473b3594031FCC4c519fD24Ad,0,0x34698dd9b5699900d877548704a43fc64f456e40,1,1000000000000000000,58210000,158631,4918517,1742971785,0xac1ac3429ac05dc58b0ca78fc376a308e7e69f3147b9da11e1377bf2d9d21cf8,NewSale
0x2b64419F821aD7FB56A7EF84374942499ee6Deb5,73882,0xbc2d6E7c81E7f35473b3594031FCC4c519fD24Ad,1,0x5b3fe5b83917e301c0b69097ff8f507d1fd1122c,1,289000000000000,58058982,152890,4918534,1742971819,0xcf84314d98e71dbeb1748f18fd9bf4a3b549d3a1cc3d822213c055a17c196fb7,NewSale
0x445DBBA26346C82dB233342764a9b33f95930C67,73799,0xdc0F91C5a4D200FfC21658901c77c0fE1A14d199,0,0x69331c69ed6bf207a45356c2a4fdf6054ae26b3c,1,620000000000000,58058982,150183,4918534,1742971819,0x6716565b3edeb3349198f7ddc6e55bc53ae8f8f8758bc6cb1d5f83a32ff57c39,NewSale
0x2e205ebEa4B8e1d6Cdf8B808053780f76a0531Ca,73889,0xbc2d6E7c81E7f35473b3594031FCC4c519fD24Ad,1,0x7e68c357706b4e0ad0fd7425dfdee0e09bf9c840,1,279000000000000,58290000,159289,4918546,1742971843,0xfc724d858f6c20caf2ff763d72b817cf316b2828e6133cb258f3a0707768e516,NewSale
0x7e68c357706B4E0aD0fd7425Dfdee0E09Bf9c840,73909,0xbc2d6E7c81E7f35473b3594031FCC4c519fD24Ad,0,0x73762fb81ff0c91f7bd925e5b14638e5e16fa947,1,270000000000000,57849150,140578,4918551,1742971853,0xe2a0d6c7aa57fceff083d7aa65a854a9a6a4eec9e2c7d24a5de7eed5fefe4b98,NewSale
0x41f07238C5096Eb7eb68c50FE8AE5AdDECBBF5C2,41229,0xbFCACb23F0B41EeEDFf7d04f52CE8f5125150806,9,0x5f1b654bec9f996b3b0eebf8d22fd77751b99210,1,33000000000000000000,57549754,186918,4918561,1742971873,0x64d80604ebc6206eb4628eb9b8cdeab902d37bce66c13de1608ef728b86a29ea,NewSale
0x2e205ebEa4B8e1d6Cdf8B808053780f76a0531Ca,73889,0xbc2d6E7c81E7f35473b3594031FCC4c519fD24Ad,1,0x5178c4fcd6f8afd118e760f33703691dba434213,1,279000000000000,57739979,159289,4918569,1742971889,0x2c50ed6e93c90f1fa568a38a346765ac94907a307d79c499616bd68e1fdecf10,NewSale
0x3bbc2788dED85243F583090862260cFfE2b9C796,72545,0xdc0F91C5a4D200FfC21658901c77c0fE1A14d199,0,0x69331c69ed6bf207a45356c2a4fdf6054ae26b3c,1,640000000000000,57643642,150171,4918585,1742971921,0xed5cc62f26020e757e778eddd3b1f58c7555af45a8f44b75d426d2099d58f135,NewSale
0x2e205ebEa4B8e1d6Cdf8B808053780f76a0531Ca,73889,0xbc2d6E7c81E7f35473b3594031FCC4c519fD24Ad,1,0x73762fb81ff0c91f7bd925e5b14638e5e16fa947,1,279000000000000,57394440,142189,4918593,1742971937,0x06cad01f50a1d0e084b671aae91ebc08fa26626df5b443599002c68e6cf145bf,NewSale
0x882efc8075522e956aBb4837E69c4Cb13C75A5F0,73917,0xbc2d6E7c81E7f35473b3594031FCC4c519fD24Ad,1,0x8a89e9075dc6fbf51716d2b466c8e15a8f441de1,1,270000000000000,57631744,140578,4918596,1742971943,0xdcbf53ee20008469c404fa87b2a3508f009aac911d7b9c51430512fbb484cfe0,NewSale
0x7e68c357706B4E0aD0fd7425Dfdee0E09Bf9c840,73907,0xbc2d6E7c81E7f35473b3594031FCC4c519fD24Ad,0,0xb24b961c30f5a4a0f599513c52b790c2b369d7e0,1,270000000000000,57930000,152878,4918603,1742971957,0xab90dfcc8b9dffdbe63263ff44ba85b4988e86f0a5f4a4b5dec5cc296c2b7ed2,NewSale
0x2e205ebEa4B8e1d6Cdf8B808053780f76a0531Ca,73889,0xbc2d6E7c81E7f35473b3594031FCC4c519fD24Ad,1,0x8a89e9075dc6fbf51716d2b466c8e15a8f441de1,1,279000000000000,58217755,142189,4918619,1742971989,0xb788e8ca255545a4468b7708e870030d6d05c426bf42ae6709f53e674299b747,NewSale
0x2e205ebEa4B8e1d6Cdf8B808053780f76a0531Ca,73889,0xbc2d6E7c81E7f35473b3594031FCC4c519fD24Ad,1,0x73762fb81ff0c91f7bd925e5b14638e5e16fa947,1,279000000000000,57111756,142189,4918632,1742972015,0x617cf399f1b15cf4b081819841679245a1bfdd0fc02f8202f5db9d0d775fe9f1,NewSale
0xf43206A9A3eCF99D7671933DaAA3ea13bb15bfbf,73863,0xbc2d6E7c81E7f35473b3594031FCC4c519fD24Ad,1,0xc126ebcbcc244fc3cd2b60fd65600b3bb96bc681,1,289900000000000,57720000,152890,4918633,1742972017,0x7792b4282cbee6c140bc72f0f5ff906e7054e1d259ac221b25da3e7a047abc22,NewSale
0x882efc8075522e956aBb4837E69c4Cb13C75A5F0,73919,0xbc2d6E7c81E7f35473b3594031FCC4c519fD24Ad,1,0x020ee2b3876d33ede0d7c751a3a4593cab11b90b,1,270000000000000,57720000,157678,4918634,1742972019,0xba1752df6b03381cf2a528377857f1ca9e777349367191a446b75b58f8409aa2,NewSale
0x05D621A053E51ebBC7e445cd9FCC533c72ff5385,73906,0xbc2d6E7c81E7f35473b3594031FCC4c519fD24Ad,1,0x8a89e9075dc6fbf51716d2b466c8e15a8f441de1,1,280000000000000,57409950,140578,4918641,1742972033,0xd938b54e8ec60fb49512d4a4886665c3c49c08448ddedd706569db848464998a,NewSale
0x2e205ebEa4B8e1d6Cdf8B808053780f76a0531Ca,73889,0xbc2d6E7c81E7f35473b3594031FCC4c519fD24Ad,1,0x6198a21292308ce287eb9e36e273c1773c5ca888,1,279000000000000,57020000,159289,4918658,1742972067,0x2042a2572a2c25d2e480096aa92dd82b98b8286eaa7bbf90b32abec1cf987f23,NewSale
0x2e205ebEa4B8e1d6Cdf8B808053780f76a0531Ca,73889,0xbc2d6E7c81E7f35473b3594031FCC4c519fD24Ad,1,0xc126ebcbcc244fc3cd2b60fd65600b3bb96bc681,1,279000000000000,56640000,142189,4918679,1742972109,0xba2853f2424fa9272407afc2e806d757b25e4244eeac65ad6cb1b669fbb72fd4,NewSale
0x2e205ebEa4B8e1d6Cdf8B808053780f76a0531Ca,73889,0xbc2d6E7c81E7f35473b3594031FCC4c519fD24Ad,1,0xc126ebcbcc244fc3cd2b60fd65600b3bb96bc681,1,279000000000000,56790000,142189,4918695,1742972141,0x45be124e8991ab475a2fd3463bfa85935af0e710686b1996602a5921cff0d461,NewSale
0x34698dD9B5699900D877548704A43FC64f456e40,73928,0xbc2d6E7c81E7f35473b3594031FCC4c519fD24Ad,0,0x7216f5384dbc9e61f37349f3c08fb1bd55e29ea9,1,1000000000000000000,56690000,180543,4918708,1742972167,0x754736a6692898efad724eddf48415797c89ab7380ae524b15572d34eb3b920b,NewSale
0x2e205ebEa4B8e1d6Cdf8B808053780f76a0531Ca,73889,0xbc2d6E7c81E7f35473b3594031FCC4c519fD24Ad,1,0xc126ebcbcc244fc3cd2b60fd65600b3bb96bc681,1,279000000000000,57060000,142189,4918711,1742972173,0x5da7b9e0eb109bc80b2c2b114e2111eb88451f83ebf819683d9e00756ea610cd,NewSale
0x2e205ebEa4B8e1d6Cdf8B808053780f76a0531Ca,73889,0xbc2d6E7c81E7f35473b3594031FCC4c519fD24Ad,1,0xc126ebcbcc244fc3cd2b60fd65600b3bb96bc681,1,279000000000000,57060000,142189,4918727,1742972205,0x65d7b57a8b6deca65502195f37672800c756aed4ed8a4250368edada66cc2b01,NewSale
0x34698dD9B5699900D877548704A43FC64f456e40,73935,0xbc2d6E7c81E7f35473b3594031FCC4c519fD24Ad,0,0x7216f5384dbc9e61f37349f3c08fb1bd55e29ea9,1,1000000000000000000,56470000,163443,4918733,1742972217,0x16f84f35a3f6ec6295ab30a4d94bf30789cbe43e84320e7d1ee5e164f107010f,NewSale
0x2e205ebEa4B8e1d6Cdf8B808053780f76a0531Ca,73889,0xbc2d6E7c81E7f35473b3594031FCC4c519fD24Ad,1,0xc126ebcbcc244fc3cd2b60fd65600b3bb96bc681,1,279000000000000,56590000,135778,4918741,1742972233,0x53ea8cabed040852ab995c980f3efb4d7b6b1f42301d0396724ebf8010565371,NewSale
0x34698dD9B5699900D877548704A43FC64f456e40,73940,0xbc2d6E7c81E7f35473b3594031FCC4c519fD24Ad,0,0x7216f5384dbc9e61f37349f3c08fb1bd55e29ea9,1,1000000000000000000,57230000,158643,4918765,1742972281,0xd49cd42b23e0399887638d3af3aa548983fda5db2e4916f89c863920597428f9,NewSale
0xeF0Ef28b882d166B732d00A01Ea762B9CCd3FE44,73915,0xbc2d6E7c81E7f35473b3594031FCC4c519fD24Ad,1,0xc126ebcbcc244fc3cd2b60fd65600b3bb96bc681,1,280000000000000,57430000,142189,4918822,1742972395,0x0b32ae94e7c783632fd1fffa0f8562cd24621eefea41b7b9ff792986526578c3,NewSale
0x70C01a7075bC44BD8154722f002B40c1e010C13f,73884,0xbc2d6E7c81E7f35473b3594031FCC4c519fD24Ad,1,0x9fefb01133f63d81b10bca1ee47be40ef6535443,1,289000000000000,57527514,152890,4918825,1742972401,0xc8a40a20d7e76aa7f160fb554823aa3ce8da6665628ef1fd4aeee1af4b2c86c8,NewSale
0xeF0Ef28b882d166B732d00A01Ea762B9CCd3FE44,73915,0xbc2d6E7c81E7f35473b3594031FCC4c519fD24Ad,1,0xc126ebcbcc244fc3cd2b60fd65600b3bb96bc681,1,280000000000000,57120000,142189,4918835,1742972421,0x3ca894001a7d35b65086b699bb9cb34c6951c17171487159491f757a9f075568,NewSale
0xeF0Ef28b882d166B732d00A01Ea762B9CCd3FE44,73915,0xbc2d6E7c81E7f35473b3594031FCC4c519fD24Ad,1,0xc126ebcbcc244fc3cd2b60fd65600b3bb96bc681,1,280000000000000,57800000,142189,4918848,1742972447,0x4ef141907957711c36fc564e01369fd48f4e9fa5a61d84fcd5de30273e835b69,NewSale
0xeF0Ef28b882d166B732d00A01Ea762B9CCd3FE44,73915,0xbc2d6E7c81E7f35473b3594031FCC4c519fD24Ad,1,0xc126ebcbcc244fc3cd2b60fd65600b3bb96bc681,1,280000000000000,57780000,142189,4918861,1742972473,0x2d911a2043880865b03481036624a11a44a882874bfba73b8884b047d0ed7280,NewSale
0x2B997ce7B68217F11982da08582F5BcFA7D4a9dE,73948,0xbc2d6E7c81E7f35473b3594031FCC4c519fD24Ad,0,0x98b30745e5e1fe541491b1a89d90730a8e0bbeab,1,200000000000000,57995076,140578,4918862,1742972475,0x3bb118aa92704b964921f5324becbbad08a5dec83a8507b3366b4ec93c8ff432,NewSale
0x3f6867E1E75290323afc9486b05CC5514F7eC2fe,73916,0xbc2d6E7c81E7f35473b3594031FCC4c519fD24Ad,1,0x0eafe2a6ad44652f7537396fca0d3507aa5e93a4,1,289000000000000,59298047,152890,4918925,1742972601,0x969f1eca2a0f5f937ad81c3ce82d26b5001011cf168c4ac82c0492de9d8db63b,NewSale
0x98b30745e5e1fe541491B1a89D90730A8E0BbEaB,73958,0xbc2d6E7c81E7f35473b3594031FCC4c519fD24Ad,1,0x5912593ab5d0c72e8bef7c34e45b5f1919270ad6,1,268000000000000,59270000,157678,4918941,1742972633,0x01bd65b2d1bbf21453e2c6dd2145fa284ca73fe472e06afae625cac20dda600f,NewSale
0x611d14aAF3612609858C4E4b4DC84bbaCe90fA87,73947,0xbc2d6E7c81E7f35473b3594031FCC4c519fD24Ad,1,0x038687d2c45db037dcf54c58aa14d507b5db2f4c,1,289000000000000,59214791,152890,4918943,1742972637,0x10a1e70c1d306f5bb9b5812e03132194ec6e9c1f08862fb2ac1acaaa8038989e,NewSale
0x8a89e9075dC6FBF51716d2B466C8e15a8F441DE1,73949,0xdc0F91C5a4D200FfC21658901c77c0fE1A14d199,0,0x9a083bb94eec22377defcaf794dc19d36ce06fce,1,500000000000000,59620000,145383,4918954,1742972659,0x40ef666b718096c1f43337b2406e1f332a3fe358f6ae70299631b366f76da596,NewSale
0xeF0Ef28b882d166B732d00A01Ea762B9CCd3FE44,73915,0xbc2d6E7c81E7f35473b3594031FCC4c519fD24Ad,1,0x5912593ab5d0c72e8bef7c34e45b5f1919270ad6,1,280000000000000,59320000,142189,4918963,1742972677,0x189c724a819b2e9861d81665a6cb7136500ec5ba18a0a6ed9b0fcdcfe641c89b,NewSale
0x882efc8075522e956aBb4837E69c4Cb13C75A5F0,73936,0xbc2d6E7c81E7f35473b3594031FCC4c519fD24Ad,1,0x5f1b654bec9f996b3b0eebf8d22fd77751b99210,1,270000000000000,60305003,140578,4918979,1742972709,0xaa1b73a49617bb0c5adbc9866c1d8451619cf8a9d8ac75ee59264fe0b188140a,NewSale
0xe5Dba5aA505BD47883755A967ea4AeC4C80ba8D7,73921,0xbc2d6E7c81E7f35473b3594031FCC4c519fD24Ad,1,0x5912593ab5d0c72e8bef7c34e45b5f1919270ad6,1,289000000000000,60110000,135790,4918986,1742972723,0x45ec1776567bc04e37514375d250c5356a7a602a1c4358c83d4bd0210769e3fb,NewSale
0x41f07238C5096Eb7eb68c50FE8AE5AdDECBBF5C2,69988,0xbFCACb23F0B41EeEDFf7d04f52CE8f5125150806,5,0x7e8ed65fa3638d95daa4aec0d55f274bd566d5fa,1,500000000000000,60091057,147683,4919005,1742972761,0xa51046586ad4104fc69c4e30fe9566d8c4da5226d6be61eba7a45369894aee90,NewSale
0xFa6562192bDC1C49430f8Bbfa197f296Dd6D781E,73927,0xbc2d6E7c81E7f35473b3594031FCC4c519fD24Ad,1,0x5912593ab5d0c72e8bef7c34e45b5f1919270ad6,1,289000000000000,60350000,135790,4919008,1742972767,0x2a66b12a0372293d4768adb8414cc8025fd0704f02b1dff0d79db2e15b11fa22,NewSale
0x096464861F486517EC0bf029dc790a70f76F1A11,73931,0xbc2d6E7c81E7f35473b3594031FCC4c519fD24Ad,1,0x5912593ab5d0c72e8bef7c34e45b5f1919270ad6,1,289000000000000,59860000,135790,4919032,1742972815,0xa1d97c4ff6c9cb7d2ec53eb477bd78fa48ff43334375258ce6d72ea4cb1cc57f,NewSale
0xeF0Ef28b882d166B732d00A01Ea762B9CCd3FE44,73915,0xbc2d6E7c81E7f35473b3594031FCC4c519fD24Ad,1,0x5178c4fcd6f8afd118e760f33703691dba434213,1,280000000000000,58937200,142189,4919050,1742972851,0xb86a08d404275b6826e2c084417e28f3b30107ed9635715c14630f5bb4a9fb5f,NewSale
0x98b30745e5e1fe541491B1a89D90730A8E0BbEaB,73983,0xbc2d6E7c81E7f35473b3594031FCC4c519fD24Ad,0,0x5912593ab5d0c72e8bef7c34e45b5f1919270ad6,1,265000000000000,59280000,140578,4919053,1742972857,0x9edd39c20f7a0e15ae249e4980796c60d6d03f3f71688b169f9bc6bf121fec9f,NewSale
0x98b30745e5e1fe541491B1a89D90730A8E0BbEaB,73973,0xbc2d6E7c81E7f35473b3594031FCC4c519fD24Ad,1,0x5912593ab5d0c72e8bef7c34e45b5f1919270ad6,1,266000000000000,58960000,140578,4919075,1742972901,0x54fdc6cfbccd0c7b4eb0a2df08cb68fda0238298f4b99f74fcb2eda51e6667c4,NewSale
0x98b30745e5e1fe541491B1a89D90730A8E0BbEaB,73971,0xbc2d6E7c81E7f35473b3594031FCC4c519fD24Ad,1,0x5912593ab5d0c72e8bef7c34e45b5f1919270ad6,1,267000000000000,58830000,140578,4919097,1742972945,0x3f2867e63235a9be7fbbf2b53392b41cf417af3f68e03aa653aeefbc661232c1,NewSale
0x98b30745e5e1fe541491B1a89D90730A8E0BbEaB,73977,0xbc2d6E7c81E7f35473b3594031FCC4c519fD24Ad,0,0x1cc42446804338f73c9cba99b5a0e0a695fe1074,1,267000000000000,58570000,157678,4919117,1742972985,0xe6f2a18dc6a89017dcca9cad4d33b2a0c21b1af4ed99e2f812b66ecf4a0d1651,NewSale
0x6198A21292308cE287eb9e36e273c1773c5cA888,73978,0xbc2d6E7c81E7f35473b3594031FCC4c519fD24Ad,1,0x2895ff2286a610fe63c6412fcf2d46127439fa68,1,270000000000000,58460000,152878,4919140,1742973031,0x321d064739211e49e5635dab50853ff8b55e0f5c5395a9f98d103406e27a7515,NewSale
0x98b30745e5e1fe541491B1a89D90730A8E0BbEaB,73981,0xbc2d6E7c81E7f35473b3594031FCC4c519fD24Ad,0,0x5912593ab5d0c72e8bef7c34e45b5f1919270ad6,1,267000000000000,58460000,140578,4919145,1742973041,0x189a6cf73b15634b8024527b552c9628431c82c96ece66f056401c0b85245507,NewSale
0x98b30745e5e1fe541491B1a89D90730A8E0BbEaB,73982,0xbc2d6E7c81E7f35473b3594031FCC4c519fD24Ad,0,0x5f1b654bec9f996b3b0eebf8d22fd77751b99210,1,268900000000000,58979287,135778,4919154,1742973059,0x0db3a93a0a491f8954ae519492f970f43980651d1323b0f1effb8eda145a625e,NewSale
0x98b30745e5e1fe541491B1a89D90730A8E0BbEaB,73962,0xbc2d6E7c81E7f35473b3594031FCC4c519fD24Ad,1,0x5912593ab5d0c72e8bef7c34e45b5f1919270ad6,1,268000000000000,59280000,140578,4919175,1742973101,0xe7a8d8e0a79e33fb9d5ba3e2d131575cbf831021c667fb8fddc38024108b229f,NewSale
0x111A5539eb9f9Ef17C3b6fdC7855b09825da1B4c,73747,0xbc2d6E7c81E7f35473b3594031FCC4c519fD24Ad,0,0x22179992fe202c2bec320f92128d99b43cadd5c4,1,300000000000000,59270000,157690,4919182,1742973115,0xadb44d007ff618a5fdc8864ef9dd9661ec02d3afbd63d5962106d527a38c6132,NewSale
0x020Ee2b3876d33EdE0D7C751a3a4593CAB11b90b,73979,0xbc2d6E7c81E7f35473b3594031FCC4c519fD24Ad,1,0xcfc9c1dc9c033a6965559edd6c7810cc1de66269,1,270000000000000,59300000,152878,4919190,1742973131,0xb9e34f8b08f2c89c0c8f73ef99257b53ce982faa32ba53f243177a44df908cff,NewSale
0x4CBB01E73b17fE7cb0AF601A532ecEcAf9A1e736,72287,0xdc0F91C5a4D200FfC21658901c77c0fE1A14d199,0,0x66f80a55ffd549309a5352202bdd11b96c72d6ed,1,650000000000000,102407778,150183,4919198,1742973147,0xe2bc3eb71d044fc50173f23fb7c6dacb9729ea85b96ff18b937eb6058709260d,NewSale
0x43ebdcdAfB68e8A8358F72C54d6aFe60d7AbA6AC,73939,0xbc2d6E7c81E7f35473b3594031FCC4c519fD24Ad,1,0x038687d2c45db037dcf54c58aa14d507b5db2f4c,1,289000000000000,58508494,135790,4919199,1742973149,0x35fee680f4a307c7832018f93e199385838eb7da3086396c4af0a73596acba9f,NewSale
0x4CBB01E73b17fE7cb0AF601A532ecEcAf9A1e736,72273,0xdc0F91C5a4D200FfC21658901c77c0fE1A14d199,0,0xdce6ae2fe88889e08719899e34a97674b23c94b2,1,650000000000000,58723705,167283,4919262,1742973275,0xdf2602a0ada16e124db17e11e5b3ff238d6738afe0546e60aebbb0d7565acb4a,NewSale
0xA00F9c974010F0474CEa099c68E318503739aa90,73992,0xbc2d6E7c81E7f35473b3594031FCC4c519fD24Ad,1,0xc788d2b232c197ff7a37f638718a24000ba27d0b,1,200000000000000,68113477,152866,4919280,1742973311,0x11d9f1cc0e75fd51eb68ce8207622cf6d600d57941dfdd77118afe17dc70d9ff,NewSale
0xeb418E53EFcDc351137C9A81c70967b8D7063f4C,73991,0x7e5F161dd824d98AC3474eBf550716d0cb83E8C6,0,0xffec90fad1f7fbca154a5248d329dd9764e03fd4,1,30000000000000000000,115470000,186930,4919320,1742973391,0xfdf70ec12c1c4b486c3c4fcf63b5434d3e3924152ea640b7224b674ca6a09fda,NewSale
0xB24B961C30F5a4A0F599513c52b790c2b369d7e0,73980,0xbc2d6E7c81E7f35473b3594031FCC4c519fD24Ad,0,0x4c90d53724c7cb573e27f83e89ff2e5572b22dbc,1,270000000000000,58824600,135778,4919325,1742973401,0x295d76515fc0188793531c54fb08e145b57ca4c16b92b4aa4bf8fdb6cd2d00ba,NewSale
0x009769074405cf71320b34d1c4c75aedF6C39f84,74010,0xbc2d6E7c81E7f35473b3594031FCC4c519fD24Ad,1,0x22179992fe202c2bec320f92128d99b43cadd5c4,1,289000000000000,58680000,152890,4919338,1742973427,0x17423a6a11b1d1dec4d7c5f5349bb95bd7b1b16e11c116864cbc9631de9275d8,NewSale
0x41f07238C5096Eb7eb68c50FE8AE5AdDECBBF5C2,70017,0xbFCACb23F0B41EeEDFf7d04f52CE8f5125150806,5,0xcaef42d212f54c4f3de3fe28c1fd22b3d08fd66e,1,500000000000000,58555566,164783,4919348,1742973447,0x1ca9c07fd30ab785762556dd734529210464a8b48cfd489c867a873d0a39495d,NewSale
0x41f07238C5096Eb7eb68c50FE8AE5AdDECBBF5C2,70036,0xbFCACb23F0B41EeEDFf7d04f52CE8f5125150806,4,0xcaef42d212f54c4f3de3fe28c1fd22b3d08fd66e,1,500000000000000,58393457,164783,4919370,1742973491,0x45fc14d9993f80826dab24bdcc96db76dd90cc5820d2dbd92638c8bea76602f8,NewSale
0x0cab9098A9e924C160CB7ed055b1499B5d9bcB55,73985,0x02e21A25F0038fa5BDEe9c0b77aC0c1E84d3d6f0,1781,0xffec90fad1f7fbca154a5248d329dd9764e03fd4,1,310000000000000,114880000,155258,4919375,1742973501,0x2536504dd5e4ce686e500222434559931b8fb596948f2c28f4f81087fc7c38f2,NewSale
0x2065b7a05102C48A44CB985a1E1f466ac9cEE08C,70159,0xbc2d6E7c81E7f35473b3594031FCC4c519fD24Ad,0,0xfa32eea0dd50ad0ac25da54230ddbffc7dbc678e,1,300000000000000,58435544,140590,4919379,1742973509,0x142df14ebc699dc9534759c99c0397f1cbdbca6091837bf2b39dec904279f5e1,NewSale
0xA7a2D4e4c8e0D4551A967c2EF0966F74289DDB7F,73997,0xbc2d6E7c81E7f35473b3594031FCC4c519fD24Ad,0,0xeeb5b86a60269bb60912affae09c828f00147a5e,1,250000000000000,58340000,140566,4919396,1742973543,0x27d5368cc85c4667d1b47b0ae2984c5425208664ba226513934b125707e9154c,NewSale
0xA7a2D4e4c8e0D4551A967c2EF0966F74289DDB7F,73989,0xbc2d6E7c81E7f35473b3594031FCC4c519fD24Ad,0,0xeeb5b86a60269bb60912affae09c828f00147a5e,1,260000000000000,58460000,140566,4919414,1742973579,0xe14c1382798d627ecb7bf09fb42119608373b28958c029102432e75aab027b67,NewSale
0xC174B32e186254aeAce4F7d17A005E1Fd4E92Df3,73951,0xbc2d6E7c81E7f35473b3594031FCC4c519fD24Ad,1,0x038687d2c45db037dcf54c58aa14d507b5db2f4c,1,289000000000000,58163941,135790,4919416,1742973583,0xedfbffea7eebe8b72f5c69778590fa891d3437ba6fb76c7ec9544692a08d76be,NewSale
0xc788d2b232C197FF7A37F638718a24000BA27D0B,74018,0xbc2d6E7c81E7f35473b3594031FCC4c519fD24Ad,1,0xa00f9c974010f0474cea099c68e318503739aa90,1,200000000000000,67745231,152878,4919465,1742973681,0x93d5e17a0819fd75a4da0373830556437b3e91afb459a611df3ddafbb31774d3,NewSale
0x882efc8075522e956aBb4837E69c4Cb13C75A5F0,73993,0xbc2d6E7c81E7f35473b3594031FCC4c519fD24Ad,1,0x31740768ee40b2cd83e0c3de1ba01c7c8805eb46,1,270000000000000,58584814,157678,4919491,1742973733,0xdf66cee12f82b74ca5076f13c9213df7af5a709177210ebd4db0fa462218b686,NewSale
0x4C90D53724C7cB573E27F83e89Ff2E5572b22dBc,74024,0xbc2d6E7c81E7f35473b3594031FCC4c519fD24Ad,0,0x31740768ee40b2cd83e0c3de1ba01c7c8805eb46,1,270000000000000,58451756,157678,4919524,1742973799,0x56d1aea60cfb71b23b29f1b3e6acbae25be5ff8e5c6863ece8f611d4e6c16d8f,NewSale
0xeF0Ef28b882d166B732d00A01Ea762B9CCd3FE44,73915,0xbc2d6E7c81E7f35473b3594031FCC4c519fD24Ad,1,0x31740768ee40b2cd83e0c3de1ba01c7c8805eb46,1,280000000000000,58928156,142189,4919542,1742973835,0x3fc7d6e00ba4f555afa2e3478b62890b00d7bd7443e9306fb351b8811e4e1bef,NewSale
0x4CBB01E73b17fE7cb0AF601A532ecEcAf9A1e736,72301,0xdc0F91C5a4D200FfC21658901c77c0fE1A14d199,0,0xf131dd9e4b573b2ff6d2ceddc9a20399a18299ef,1,650000000000000,58749854,167283,4919544,1742973839,0x4b3a8ffaf4a310d3450e34a3ae406c1cbf884d8c31baec0235288aceccf7e911,NewSale
0xA00F9c974010F0474CEa099c68E318503739aa90,74036,0xbc2d6E7c81E7f35473b3594031FCC4c519fD24Ad,1,0xc788d2b232c197ff7a37f638718a24000ba27d0b,1,200000000000000,66499030,152866,4919599,1742973949,0xcbcb488b737ba4cc147d5722d3994c566cc75d6930bf5378bf16fd2a53a41d92,NewSale
0x4C90D53724C7cB573E27F83e89Ff2E5572b22dBc,74034,0xbc2d6E7c81E7f35473b3594031FCC4c519fD24Ad,0,0x11933f9a1b0592693c1a5a2ac417992f8fa4c216,1,280000000000000,58010000,135778,4919601,1742973953,0xe2352e6884ca16dd5c4520a9172a7b966f722b4f1877e4a81c3906b06083a6ed,NewSale
0x41f07238C5096Eb7eb68c50FE8AE5AdDECBBF5C2,70039,0xbFCACb23F0B41EeEDFf7d04f52CE8f5125150806,4,0xcaef42d212f54c4f3de3fe28c1fd22b3d08fd66e,1,500000000000000,57780187,147683,4919607,1742973965,0x78dffdfdbd2a7c02ba42f8296903272bc123b96da63519c982e3d24b8da916bf,NewSale
0x52559292d559D6d417f0dc0c769bEca2662C0561,74032,0xbc2d6E7c81E7f35473b3594031FCC4c519fD24Ad,1,0x11933f9a1b0592693c1a5a2ac417992f8fa4c216,1,289000000000000,57870000,152890,4919624,1742973999,0x42229ff467c1538f9b0e03da1dc5d21fb01c136c711b0d49414a1be56de041eb,NewSale
0x41f07238C5096Eb7eb68c50FE8AE5AdDECBBF5C2,70041,0xbFCACb23F0B41EeEDFf7d04f52CE8f5125150806,4,0xcaef42d212f54c4f3de3fe28c1fd22b3d08fd66e,1,500000000000000,58011345,147683,4919628,1742974007,0x04aa81251835e59e7839d2536ce819087b3901c5eedeb6f5fc137f41660a79a1,NewSale
0x0d10a41CB8cf5FEEB00be965f373c7517A57d93C,74038,0x02e21A25F0038fa5BDEe9c0b77aC0c1E84d3d6f0,1587,0x9d3732727d5d56c2234264ab0154111eb91dd0ca,1,150000000000000,114370322,138146,4919647,1742974045,0x618a88f0a1aa73ec0e869695eae6444f8b9ea4d6d6408f99120d207c77b55e3e,NewSale
0x41f07238C5096Eb7eb68c50FE8AE5AdDECBBF5C2,70046,0xbFCACb23F0B41EeEDFf7d04f52CE8f5125150806,3,0xcaef42d212f54c4f3de3fe28c1fd22b3d08fd66e,1,500000000000000,57837710,164783,4919648,1742974047,0xe6e7fc4eb918aea76f5d5aaa05e487531e8b189c78d8efe4987bdeafe92d6cc2,NewSale
0x41f07238C5096Eb7eb68c50FE8AE5AdDECBBF5C2,70052,0xbFCACb23F0B41EeEDFf7d04f52CE8f5125150806,3,0xcaef42d212f54c4f3de3fe28c1fd22b3d08fd66e,1,500000000000000,57545919,147683,4919680,1742974111,0xe03a9295fa6b71881f6f445f65ceedd3c6d71a3ee77e97dc226f0edf6bf845fc,NewSale
0x4CBB01E73b17fE7cb0AF601A532ecEcAf9A1e736,72290,0xdc0F91C5a4D200FfC21658901c77c0fE1A14d199,0,0x7a3f72c4720a6bfeac0d24b4d085a972ea268a5a,1,650000000000000,57393524,162483,4919710,1742974171,0xa79439db9e191471bc849f0afd1816dbb6f9c19b727247c631cc28b53f43486a,NewSale
0x2aC59b7AF734834c30C61F703eBc9dC337dC1CBD,73816,0x26eA0a7Bd0e3feBc7Cd919Ab46e17b47cb01Cc04,190,0x0bc2aaeddb5fa37fdc397d4c00ef3a642c781724,1,500000000000000,57270000,172000,4919761,1742974273,0x13dbb18a117ea693a4f7a1e1e3d21e0072788908be5d01c9b96fbf32eeef0437,NewSale
0x2895FF2286A610FE63c6412FCf2D46127439FA68,74056,0xbc2d6E7c81E7f35473b3594031FCC4c519fD24Ad,1,0xf131dd9e4b573b2ff6d2ceddc9a20399a18299ef,1,275000000000000,56599487,152878,4919806,1742974363,0x7aaa3a7b656b3968f0140cc12c3248f0dd0a263482edc0ecb900f2a28ff7d289,NewSale
0x1cc42446804338f73C9cBa99B5a0e0A695fe1074,74058,0xbc2d6E7c81E7f35473b3594031FCC4c519fD24Ad,0,0xf131dd9e4b573b2ff6d2ceddc9a20399a18299ef,1,275000000000000,56363095,135778,4919827,1742974405,0x0b29176a68c8297b834db0acf9c3eeae876ac70442c4585d9a216247db7b5fb5,NewSale
0x0855cA9B13dff239c1d07D9d5609c8B151a7a854,74060,0xEB255E4669Da7FeEf1F746a5a778b4e08b65a1A7,0,0x7fa4035791dc55f84c356a55b0695de920161e00,1,450000000000000,56248238,162471,4919843,1742974437,0x98260921349c872eb6d72db18b63301896ec750b3733c5955687b83e488837d6,NewSale
0x31740768Ee40b2Cd83E0c3De1bA01c7C8805eb46,74050,0xbc2d6E7c81E7f35473b3594031FCC4c519fD24Ad,0,0x2f8798d7b59342456380f1fddc2b4692028f3f38,1,270000000000000,56054143,135778,4919854,1742974459,0xad149a4d591f2b87636cf3408f838fa86d2e53e7844a84cc5b067bf0aaf8a1a3,NewSale
0x0855cA9B13dff239c1d07D9d5609c8B151a7a854,74049,0xdc0F91C5a4D200FfC21658901c77c0fE1A14d199,0,0x2c86113ccd116d076929e1d3217faf9f83216896,1,400000000000000,111081846,150171,4919856,1742974463,0x6775260b5e532457734d855c712130173bda3219be0a48dbc892ba17ec20f9b6,NewSale
0xCfC9c1dC9C033a6965559edD6C7810cc1de66269,74057,0xbc2d6E7c81E7f35473b3594031FCC4c519fD24Ad,1,0xf131dd9e4b573b2ff6d2ceddc9a20399a18299ef,1,275000000000000,55951075,135778,4919858,1742974467,0x6577f03d881c4788c7a2012940b4b6ba46a2b80b290055820925094516d285ee,NewSale
0x0855cA9B13dff239c1d07D9d5609c8B151a7a854,74043,0xFC000E355ea1dC4A8B8e40B7A09d1fFf82596D7b,0,0x038687d2c45db037dcf54c58aa14d507b5db2f4c,1,200000000000000,55801333,157662,4919887,1742974525,0x973dc98f964fc1ab0271162ff7094cde079ed2e10bb68393cce8e8bbf9685264,NewSale
0xeF0Ef28b882d166B732d00A01Ea762B9CCd3FE44,73988,0xbc2d6E7c81E7f35473b3594031FCC4c519fD24Ad,1,0xf131dd9e4b573b2ff6d2ceddc9a20399a18299ef,1,280000000000000,55582673,142189,4919890,1742974531,0xa7ba8a8f4e3b4845c5b869bcd43933683dd3068ca650a8c431d64ed69ad8a572,NewSale
0xFB3E09efe6A8f217Ecd5A56a7181FaEAFeA4b0ba,74066,0xdc0F91C5a4D200FfC21658901c77c0fE1A14d199,0,0x7fa4035791dc55f84c356a55b0695de920161e00,1,480000000000000,55198617,150159,4919901,1742974553,0x32b9c4b3facd80162858137fdb7cee1b7c50ee935db888fcce567ba73a774080,NewSale
0xeF0Ef28b882d166B732d00A01Ea762B9CCd3FE44,73988,0xbc2d6E7c81E7f35473b3594031FCC4c519fD24Ad,1,0xf131dd9e4b573b2ff6d2ceddc9a20399a18299ef,1,280000000000000,54565698,142189,4919915,1742974581,0x7f7133a5feb268adfd24256b410c1b9623dc52552267ec3132a07b44df0af645,NewSale
0xeF0Ef28b882d166B732d00A01Ea762B9CCd3FE44,73988,0xbc2d6E7c81E7f35473b3594031FCC4c519fD24Ad,1,0xf131dd9e4b573b2ff6d2ceddc9a20399a18299ef,1,280000000000000,54130828,142189,4919936,1742974623,0xb63957a028b6bd34d174bbb318efacc18dbfed16bdd61933da91407f5a1060f2,NewSale
0x64f7C019021aC74A68D90D08491Ca43b2a632E71,74076,0xbc2d6E7c81E7f35473b3594031FCC4c519fD24Ad,1,0x529f71b8285ecbabf59359e9284e98ad05e683e7,1,15130000000000000000,106417629,178454,4919953,1742974657,0x5ba8399ccb5c025c5623913eaed96f17cea61bb10c0ce2b0b206da1765496c99,NewSale
0x97b8EF15688Fe359FE58997eC88805e2D118546e,73957,0xbc2d6E7c81E7f35473b3594031FCC4c519fD24Ad,1,0xf131dd9e4b573b2ff6d2ceddc9a20399a18299ef,1,289000000000000,53509873,135790,4919953,1742974657,0x760a3ad72334faed553b3e415ac24ec252b876ce765582295b664400da0f26cb,NewSale
0x4C90D53724C7cB573E27F83e89Ff2E5572b22dBc,74067,0xdc0F91C5a4D200FfC21658901c77c0fE1A14d199,0,0x07e9d82509fb578aae8e85e151660d6694e9112b,1,300000000000000,53192660,150183,4919961,1742974673,0x077da0971decfad5be851165b84b257067d0c11b702d199208543ed6dbc8ed04,NewSale
0x64f7C019021aC74A68D90D08491Ca43b2a632E71,74076,0xbc2d6E7c81E7f35473b3594031FCC4c519fD24Ad,1,0x529f71b8285ecbabf59359e9284e98ad05e683e7,1,15130000000000000000,52589122,161354,4919971,1742974693,0xf235562866bb19b4166d1d229d16396c60d83634aaaca1431972137b0c20a1cc,NewSale
0x11933F9A1b0592693C1A5A2AC417992F8fA4c216,74082,0xbc2d6E7c81E7f35473b3594031FCC4c519fD24Ad,0,0xf131dd9e4b573b2ff6d2ceddc9a20399a18299ef,1,260000000000000,52009041,140578,4919988,1742974727,0x6e95c03030d696028f3b48daa82db75093a508f87ea77e23d6263e43f8f87d83,NewSale
0x64f7C019021aC74A68D90D08491Ca43b2a632E71,74076,0xbc2d6E7c81E7f35473b3594031FCC4c519fD24Ad,1,0x529f71b8285ecbabf59359e9284e98ad05e683e7,1,15130000000000000000,102492389,161354,4919995,1742974741,0x0817d2b631c50451079c23e487f36bc1e9b323aa6098f4bb60f80531c43c3338,NewSale
0x366Fb63c0e3F799cc3cCFB854f10C6EF6DA27264,74037,0x897d1cBBeDC44c8371672e8cA72555b5194D6D86,0,0x31740768ee40b2cd83e0c3de1ba01c7c8805eb46,1,500000000000000,51770878,162499,4919996,1742974743,0x8311f8d470ee70f191a8e75d3ec45000ba735a61a0b8908737ba4eb1c214ff9c,NewSale
0x64f7C019021aC74A68D90D08491Ca43b2a632E71,74076,0xbc2d6E7c81E7f35473b3594031FCC4c519fD24Ad,1,0x529f71b8285ecbabf59359e9284e98ad05e683e7,1,15130000000000000000,51181625,161354,4920015,1742974781,0x7c323a9b435e7f1f8040376e28482f32002e5103dad7739619b59143d762bd78,NewSale
0x87b67852fcf39586af52E67959cE3deb6e33575a,74079,0xbc2d6E7c81E7f35473b3594031FCC4c519fD24Ad,1,0x038687d2c45db037dcf54c58aa14d507b5db2f4c,1,289000000000000,51264157,135790,4920016,1742974783,0xd94d0e52968156de1cca5af812dc5c6bee7c476e8dfe2dda54e1d9339b326997,NewSale
0xeF0Ef28b882d166B732d00A01Ea762B9CCd3FE44,73988,0xbc2d6E7c81E7f35473b3594031FCC4c519fD24Ad,1,0xf131dd9e4b573b2ff6d2ceddc9a20399a18299ef,1,280000000000000,51164157,142189,4920016,1742974783,0xe3ee8d3e6a4bbd713e04f46d67a68b1c55bc733b687b5e59452fe239fe2f666c,NewSale
0xC0DEc165A5d6e6766Fbc35c977f89535899D0411,70984,0xbc2d6E7c81E7f35473b3594031FCC4c519fD24Ad,0,0xe91b8d9aa9303d6d40eb6c1d3999eacf1adc92ed,1,289990000000000,49540000,159301,4920031,1742974813,0x40a897b4454d9a5a2cac0bdefd5413bfb91d61f35af701cd39cb7595e65aa61d,NewSale
0x64f7C019021aC74A68D90D08491Ca43b2a632E71,74076,0xbc2d6E7c81E7f35473b3594031FCC4c519fD24Ad,1,0x529f71b8285ecbabf59359e9284e98ad05e683e7,1,15130000000000000000,54491179,161354,4920035,1742974821,0x703a99be2d17710dce55233431fb834e7da6192eac03315e49bfc491caf81032,NewSale
0xeF0Ef28b882d166B732d00A01Ea762B9CCd3FE44,73915,0xbc2d6E7c81E7f35473b3594031FCC4c519fD24Ad,1,0x31740768ee40b2cd83e0c3de1ba01c7c8805eb46,1,280000000000000,50975042,142189,4920037,1742974825,0x723884dd0a9961738e947a9ad05e64b07442775cdda7bb3c91cdc6d06a3f7f9b,NewSale
0xeF0Ef28b882d166B732d00A01Ea762B9CCd3FE44,73915,0xbc2d6E7c81E7f35473b3594031FCC4c519fD24Ad,1,0xf131dd9e4b573b2ff6d2ceddc9a20399a18299ef,1,280000000000000,50656508,142189,4920043,1742974837,0xa4fdb0388844c41858a765b766450fcbaa10f1961d1012b332c43df1344be4d7,NewSale
0x64f7C019021aC74A68D90D08491Ca43b2a632E71,74076,0xbc2d6E7c81E7f35473b3594031FCC4c519fD24Ad,1,0x529f71b8285ecbabf59359e9284e98ad05e683e7,1,15130000000000000000,99877853,161354,4920055,1742974861,0x330af72929c4e3b384bf40dcfc69ee02c802e2529d13d78b7dc718079bb75d83,NewSale
0x64f7C019021aC74A68D90D08491Ca43b2a632E71,74076,0xbc2d6E7c81E7f35473b3594031FCC4c519fD24Ad,1,0x529f71b8285ecbabf59359e9284e98ad05e683e7,1,15130000000000000000,99033502,161354,4920074,1742974899,0x1a348ee06a9269836da7e2d08d1bbb46c4261720f26466156aee71d1bf22a488,NewSale
0xCaEf42d212F54c4f3de3fE28c1FD22B3D08fD66e,74096,0xbFCACb23F0B41EeEDFf7d04f52CE8f5125150806,5,0x0ba4449781e4d009b3a8b562d1b1b09869442ab4,1,500000000000000,50300000,162483,4920091,1742974933,0x77e651257455140fc728ed9af1e51ba8aef7352ba91b7fcefd0ee24ac73f1883,NewSale
0x64f7C019021aC74A68D90D08491Ca43b2a632E71,74076,0xbc2d6E7c81E7f35473b3594031FCC4c519fD24Ad,1,0x529f71b8285ecbabf59359e9284e98ad05e683e7,1,15130000000000000000,97945325,161354,4920094,1742974939,0x36160f0663ffd0c8c23e585fc87d989a7452b728dafbc4358e53abf6211fa5ff,NewSale
0xeF0Ef28b882d166B732d00A01Ea762B9CCd3FE44,73915,0xbc2d6E7c81E7f35473b3594031FCC4c519fD24Ad,1,0x5178c4fcd6f8afd118e760f33703691dba434213,1,280000000000000,49093111,140578,4920108,1742974967,0xa2bb75ef500c06e3ece28d16d86f768ab5aef80ad7448b18b7c0796f04d12556,NewSale
0x64f7C019021aC74A68D90D08491Ca43b2a632E71,74076,0xbc2d6E7c81E7f35473b3594031FCC4c519fD24Ad,1,0x529f71b8285ecbabf59359e9284e98ad05e683e7,1,15130000000000000000,97078885,161354,4920114,1742974979,0x055e50c8870cbd97c363f2161ce27da3f1b72d39a4896116f31e30fad061069e,NewSale
0x64f7C019021aC74A68D90D08491Ca43b2a632E71,74076,0xbc2d6E7c81E7f35473b3594031FCC4c519fD24Ad,1,0x529f71b8285ecbabf59359e9284e98ad05e683e7,1,15130000000000000000,95826128,161354,4920134,1742975019,0x255ea191ef5212b0a968226461604804438a1d1887180a16b884c9a2f8672120,NewSale
0x11933F9A1b0592693C1A5A2AC417992F8fA4c216,74088,0xbc2d6E7c81E7f35473b3594031FCC4c519fD24Ad,1,0x4c90d53724c7cb573e27f83e89ff2e5572b22dbc,1,285000000000000,48449855,152890,4920136,1742975023,0x65e9f1d60c3da38692ab9015ac9269b31f1e29d32744ffdfa2e67108fd8300d8,NewSale
0x0f1F1CE52F64A92B8Dc58d5768995FAAFCea89ac,74069,0xbc2d6E7c81E7f35473b3594031FCC4c519fD24Ad,1,0x038687d2c45db037dcf54c58aa14d507b5db2f4c,1,289000000000000,47711210,135790,4920164,1742975079,0x498d504d6f2335555807a4bce3b0f95e57c4b362d3bf0d90e959013dce2e0d9b,NewSale
0x407c1D06628cD7Df40F3C4F4FCFD6BC5BCF6987B,73969,0xbc2d6E7c81E7f35473b3594031FCC4c519fD24Ad,1,0x7e8ed65fa3638d95daa4aec0d55f274bd566d5fa,1,289000000000000,94711798,135790,4920165,1742975081,0x6320adb2cc27366c7de6b335261144c64bd98faf9b1f1d455972ee7243bbe5c3,NewSale
0x932F552620B8bb7FaB1B932222Fc10cE466Fcf0b,74015,0xbc2d6E7c81E7f35473b3594031FCC4c519fD24Ad,1,0x7e8ed65fa3638d95daa4aec0d55f274bd566d5fa,1,289000000000000,93850155,135790,4920178,1742975107,0xe137a835b4d9794a805f580230137b136f7081494c436bbdb8e0920156284545,NewSale
0x09BA762737fDf524876f0330c60d8210eA458F79,74074,0xbc2d6E7c81E7f35473b3594031FCC4c519fD24Ad,1,0x7e8ed65fa3638d95daa4aec0d55f274bd566d5fa,1,289000000000000,93839823,135790,4920191,1742975133,0x024e3312e4fc16b5b24feab1614f81a691cc16b1ae33968b1d48e0efc8b2f6b3,NewSale
0xeF0Ef28b882d166B732d00A01Ea762B9CCd3FE44,73988,0xbc2d6E7c81E7f35473b3594031FCC4c519fD24Ad,1,0x625157014f943da8b8d08c2416daddca91795365,1,280000000000000,93750946,159289,4920200,1742975151,0xf2a8b4390fcd962ab4d1072d516a2a3aa9b1c4702fee8f170d4eb3f94ae5936c,NewSale
0xE60211b5380Dbbb12CDf699F049b68FB58FCbf23,73984,0xbc2d6E7c81E7f35473b3594031FCC4c519fD24Ad,1,0x7e8ed65fa3638d95daa4aec0d55f274bd566d5fa,1,289000000000000,93679640,135778,4920211,1742975173,0x3c89a0137dc39535186cfff99aa42672cd2a7ccc17dbb842c081e872c27c3f1a,NewSale
0xb20F158Ea0288F5EA3Fdb0eAe357c79A98Bd5283,74086,0xbc2d6E7c81E7f35473b3594031FCC4c519fD24Ad,1,0x625157014f943da8b8d08c2416daddca91795365,1,289000000000000,93678841,135790,4920215,1742975181,0xb2150904ba5703a29cbc4bb592115c4e4f81f52035bbbdf7ca2d7454ef7c3d4d,NewSale
0xC0DEc165A5d6e6766Fbc35c977f89535899D0411,70984,0xbc2d6E7c81E7f35473b3594031FCC4c519fD24Ad,0,0x625157014f943da8b8d08c2416daddca91795365,1,289990000000000,93419253,142201,4920227,1742975205,0xecee9fc022cf18eb52f0916d2ca59ee345dd8d6b380b1686a6dd1b0d1c3069f2,NewSale
0xeF0Ef28b882d166B732d00A01Ea762B9CCd3FE44,73988,0xbc2d6E7c81E7f35473b3594031FCC4c519fD24Ad,1,0x8c1051ecd3dc1dc05059207b2fa12472233da316,1,280000000000000,93359032,159289,4920228,1742975207,0x16daca764f1a691ccc1e4a3952cd944bced8faa85286af8193fd5e9b045b9c3d,NewSale
0x31740768Ee40b2Cd83E0c3De1bA01c7C8805eb46,74114,0xbc2d6E7c81E7f35473b3594031FCC4c519fD24Ad,1,0x7e8ed65fa3638d95daa4aec0d55f274bd566d5fa,1,240000000000000,93169823,140566,4920233,1742975217,0x5e2657b710f4c03b058194242bebb05d7008b947555be4335ad42cbbcce8900d,NewSale
0x56CB5C84DCC0f2275e844B096eb7F50f4e9a1e8E,74116,0xbc2d6E7c81E7f35473b3594031FCC4c519fD24Ad,1,0x625157014f943da8b8d08c2416daddca91795365,1,289000000000000,92928209,135790,4920242,1742975235,0x1ef405d034d19aa2a5e3172de4439ded93376416c56ef77c5d938021b992fe9d,NewSale
0xbAa9672503be4067CCc6eBB08BEe52af3e0b3b4C,74111,0x2Bf46D4497e98FbA2304B0d2453922FFf559Ea02,88,0x0ba4449781e4d009b3a8b562d1b1b09869442ab4,1,35000000000000000000,47420000,186930,4920242,1742975235,0x305d8e6799724df8790ee79f1f697ed23c2e2edf670c64d568a6447894113c8c,NewSale
0x4C90D53724C7cB573E27F83e89Ff2E5572b22dBc,74092,0xdc0F91C5a4D200FfC21658901c77c0fE1A14d199,0,0x1fef0abafde4bf0dfd1fb9e5560eac0eae0c5456,1,270000000000000,47420000,167271,4920253,1742975257,0xf673afef6ff92cf4f52cf9da6791437e50862822dbeefec65059d984a438c35a,NewSale
0xeF0Ef28b882d166B732d00A01Ea762B9CCd3FE44,73988,0xbc2d6E7c81E7f35473b3594031FCC4c519fD24Ad,1,0x8c1051ecd3dc1dc05059207b2fa12472233da316,1,280000000000000,92656065,142189,4920256,1742975263,0x4822bf1745403aa1eb39dd517871beb53d4d3f0a1c90ab3eb25c00c3318271a6,NewSale
0xC0DEc165A5d6e6766Fbc35c977f89535899D0411,70984,0xbc2d6E7c81E7f35473b3594031FCC4c519fD24Ad,0,0x625157014f943da8b8d08c2416daddca91795365,1,289990000000000,92835365,142201,4920257,1742975265,0x52d8cf68b1816b3d8676a1938533e14d7eff3ce4321af5772f7227dc6ed6c8fd,NewSale
0x4C90D53724C7cB573E27F83e89Ff2E5572b22dBc,74121,0xbc2d6E7c81E7f35473b3594031FCC4c519fD24Ad,1,0x8c1051ecd3dc1dc05059207b2fa12472233da316,1,270000000000000,92243404,135778,4920271,1742975293,0x2c45eb2cd8ff08ff762ad3362adc2546b416324ae2a7f258eccb8ec8e96d13df,NewSale
0xeF0Ef28b882d166B732d00A01Ea762B9CCd3FE44,73988,0xbc2d6E7c81E7f35473b3594031FCC4c519fD24Ad,1,0x625157014f943da8b8d08c2416daddca91795365,1,280000000000000,92213830,142189,4920272,1742975295,0xb5e4b425423496d0fe45ef3bae5eb4c105d6d093425ec5133c5106cd28e980d4,NewSale
0x6545a30A8F58E7EEaFA8d340889c9242E200C1eD,74124,0xbc2d6E7c81E7f35473b3594031FCC4c519fD24Ad,0,0x8c1051ecd3dc1dc05059207b2fa12472233da316,1,200000000000000,92118665,135778,4920289,1742975329,0xe47373c85891198d1c48ff78869202e95c4795240539a8b20bfc057534afad09,NewSale
0xf81d024c76eb849e4Da0543A7780C260e1135ca7,74127,0xbc2d6E7c81E7f35473b3594031FCC4c519fD24Ad,0,0x161324631c0fa0af5de534e43beb1de3ba90128a,1,1000000000000000000,46610000,158643,4920306,1742975363,0x1c6f3a194a1b80c8dc6e0950c871e5868d555361953631cb90ce050014c82a87,NewSale
0xeF0Ef28b882d166B732d00A01Ea762B9CCd3FE44,73988,0xbc2d6E7c81E7f35473b3594031FCC4c519fD24Ad,1,0x8c1051ecd3dc1dc05059207b2fa12472233da316,1,280000000000000,92085514,142189,4920308,1742975367,0xcdc22b0437152138b18d3c0e45ce857882c6e02dcf7ed8bf6d2f9572e0aab65f,NewSale
0x6545a30A8F58E7EEaFA8d340889c9242E200C1eD,74120,0x2Bf46D4497e98FbA2304B0d2453922FFf559Ea02,80,0x038687d2c45db037dcf54c58aa14d507b5db2f4c,1,200000000000000,47095888,162471,4920318,1742975387,0xf7e6e5a94505278670570004f144751742615248286b695e1af4c0b5508e00ca,NewSale
0xeF0Ef28b882d166B732d00A01Ea762B9CCd3FE44,73988,0xbc2d6E7c81E7f35473b3594031FCC4c519fD24Ad,1,0x8c1051ecd3dc1dc05059207b2fa12472233da316,1,280000000000000,92165287,135778,4920329,1742975409,0x11f533f1d7c333ce644a18aa5d37ea6e699ad7d672174568811aa75c5588530c,NewSale
0xC0DEc165A5d6e6766Fbc35c977f89535899D0411,70984,0xbc2d6E7c81E7f35473b3594031FCC4c519fD24Ad,0,0x8c1051ecd3dc1dc05059207b2fa12472233da316,1,289990000000000,91643374,142201,4920347,1742975445,0x358945081b9f184e27b4bd5eaa22792c67c834f5e082be728bfe779c69166521,NewSale
0xe67e52aeFC46DDeff2C9bD2eb1AD260C6F877550,74123,0xbc2d6E7c81E7f35473b3594031FCC4c519fD24Ad,1,0x31740768ee40b2cd83e0c3de1ba01c7c8805eb46,1,289000000000000,46567008,135790,4920374,1742975499,0x428f2a32df7be3fa8d7ae34d03106f57e20ec8fab88ee1627660e3969692bdcc,NewSale
0x4C90D53724C7cB573E27F83e89Ff2E5572b22dBc,74126,0xEB255E4669Da7FeEf1F746a5a778b4e08b65a1A7,0,0x7fa4035791dc55f84c356a55b0695de920161e00,1,270000000000000,91969010,150159,4920388,1742975527,0xbb653fd31561d09aefd4485d3817c28bb7d82dbd2254635419fcf7de023f257f,NewSale
0xFB3E09efe6A8f217Ecd5A56a7181FaEAFeA4b0ba,74125,0xEB255E4669Da7FeEf1F746a5a778b4e08b65a1A7,0,0x0ba4449781e4d009b3a8b562d1b1b09869442ab4,1,480000000000000,46720000,167271,4920409,1742975569,0x30ac6b7ce673e931f088545987f89671faeefcb730737bea82fb8b4a33bad559,NewSale
0x22179992Fe202c2BEC320F92128D99b43CadD5C4,74119,0xEB255E4669Da7FeEf1F746a5a778b4e08b65a1A7,0,0x7fa4035791dc55f84c356a55b0695de920161e00,1,340000000000000,91877127,145371,4920419,1742975589,0x3937002badf1e7a4f59140d659e19d07219b1c7decffeaa1e063aeaceea07cc5,NewSale
0xC0DEc165A5d6e6766Fbc35c977f89535899D0411,70984,0xbc2d6E7c81E7f35473b3594031FCC4c519fD24Ad,0,0x625157014f943da8b8d08c2416daddca91795365,1,289990000000000,92771909,142201,4920494,1742975739,0xb33e85005c266385edaa2abab089b05211b12b436c08a024aac73cdc000c31d9,NewSale
0x31740768Ee40b2Cd83E0c3De1bA01c7C8805eb46,74129,0xbc2d6E7c81E7f35473b3594031FCC4c519fD24Ad,1,0x7fa4035791dc55f84c356a55b0695de920161e00,1,240000000000000,93043443,157654,4920499,1742975749,0x6bbc70fed1e882cd2224f30506fb7dcb6852dcba4b40bbc99d2dae7d9f25affc,NewSale
0x5037ec1560AA918e8f9E2405D8590F8Fd3BA6658,74026,0xbc2d6E7c81E7f35473b3594031FCC4c519fD24Ad,0,0x758a1e3e12ef6c74d77b4320ea4ef017ad5a4fc4,1,297900000000000,47546080,135790,4920503,1742975757,0x1f61bb25f251e082ce4f21ad54f5a487ea36b56d2e4fe6e9dab2bde6864577da,NewSale
0xC0DEc165A5d6e6766Fbc35c977f89535899D0411,70984,0xbc2d6E7c81E7f35473b3594031FCC4c519fD24Ad,0,0x625157014f943da8b8d08c2416daddca91795365,1,289990000000000,92960476,142201,4920508,1742975767,0xf28fe8740766038da0b81f8ee958259dbc63771dae13d31431fc6e928c93c3a9,NewSale
0xC0DEc165A5d6e6766Fbc35c977f89535899D0411,70984,0xbc2d6E7c81E7f35473b3594031FCC4c519fD24Ad,0,0x625157014f943da8b8d08c2416daddca91795365,1,289990000000000,93129282,142201,4920521,1742975793,0xb2fc3fc87d05b49476e924ed1f5b46090292c5b33dab6b9ca82196e657b0f226,NewSale
0x31740768Ee40b2Cd83E0c3De1bA01c7C8805eb46,74132,0xbc2d6E7c81E7f35473b3594031FCC4c519fD24Ad,1,0x7fa4035791dc55f84c356a55b0695de920161e00,1,250000000000000,93056928,140566,4920535,1742975821,0xeed1dfac4e6f13553097b4762bdd1da802d5d5ac026250f10565172b8f6d3873,NewSale
0xC0DEc165A5d6e6766Fbc35c977f89535899D0411,70984,0xbc2d6E7c81E7f35473b3594031FCC4c519fD24Ad,0,0x625157014f943da8b8d08c2416daddca91795365,1,289990000000000,92928588,142201,4920537,1742975825,0x3e087767cf5a307a5bd2e0439c34020aa8d9540d5a88e921ecf84f0174da6e14,NewSale
0xC0DEc165A5d6e6766Fbc35c977f89535899D0411,70984,0xbc2d6E7c81E7f35473b3594031FCC4c519fD24Ad,0,0x30434d04b42901a5b69dd5cc98b4883005801bf6,1,289990000000000,47550000,159301,4920557,1742975865,0xf80b551df8823f0d021352b30a8a62f26dd4a006b7f2213fa43d8fed5e9dee5b,NewSale
0x5178c4fcd6F8Afd118e760F33703691dBA434213,74136,0xbc2d6E7c81E7f35473b3594031FCC4c519fD24Ad,1,0xdf045776139a3ab27f1f51504526d14a87954b40,1,250000000000000,57420000,157678,4920664,1742976079,0x50edae163ac25ac6cfe0288266f79d96abe7a3056e2775f98f639dd8ab9feb53,NewSale
0x31740768Ee40b2Cd83E0c3De1bA01c7C8805eb46,74138,0xbc2d6E7c81E7f35473b3594031FCC4c519fD24Ad,1,0x6ef7206a25a40690d5500956b574cdbfc311a6f6,1,250000000000000,57420000,135778,4920665,1742976081,0xb5f2de4b06014d252e45cf98fde9fe03ce7ebf837b36da5b924a014cb7cbd720,NewSale
0x0855cA9B13dff239c1d07D9d5609c8B151a7a854,74063,0x7e5F161dd824d98AC3474eBf550716d0cb83E8C6,1,0xc5729d9e63909568b0438cd3cf4d3ca9542dda81,1,450000000000000,93435160,162483,4920668,1742976087,0x1ca4551220cd2fdc28d56f756b453e267d61697b060348bf0cfab3a745608acc,NewSale
0x64f7C019021aC74A68D90D08491Ca43b2a632E71,74076,0xbc2d6E7c81E7f35473b3594031FCC4c519fD24Ad,1,0x529f71b8285ecbabf59359e9284e98ad05e683e7,1,15130000000000000000,49132081,161354,4920690,1742976131,0xcf18def7f0961263ff062121884ce35c8dbf544750d6b8550b1a825c15cccad1,NewSale
0xa1E79CFb8471947dfA74ACFAb72dFa78b02A9241,74150,0xbc2d6E7c81E7f35473b3594031FCC4c519fD24Ad,1,0x0764ce690a013804cabeb282e6e09bdc8cb32f52,1,289000000000000,93988782,135790,4920691,1742976133,0x61a6069a0955cb0044dc863aa155ca180a5d4b1233ed3acdf4d9e060a4cc7c26,NewSale
0xE7389a2D3efdAA1ef330a4476f423c40Af362e39,74134,0x6EF07dE7778f607b8658e743bd42Ad4Db277d54C,1,0x0ba4449781e4d009b3a8b562d1b1b09869442ab4,1,33000000000000000000,48650000,180539,4920701,1742976153,0x248acd680229efa293691100ba4a1f5bb13f13f8fff0038b7a8971aa16624078,NewSale
0xC0DEc165A5d6e6766Fbc35c977f89535899D0411,70984,0xbc2d6E7c81E7f35473b3594031FCC4c519fD24Ad,0,0x0764ce690a013804cabeb282e6e09bdc8cb32f52,1,289990000000000,94246242,142201,4920704,1742976159,0x23a97509e373eada1a99b895ca9d3c97ed6b64d90b413f266e0cb39f2e47140f,NewSale
0x64f7C019021aC74A68D90D08491Ca43b2a632E71,74076,0xbc2d6E7c81E7f35473b3594031FCC4c519fD24Ad,1,0x529f71b8285ecbabf59359e9284e98ad05e683e7,1,15130000000000000000,94194139,161354,4920710,1742976171,0x77cae26ae75e485ff88f38fc8a095479aaf816f601a3af2410797819c522ff76,NewSale
0x508e3a4E7F2F235f40738BA96BBF825BC9166cDF,74156,0xbc2d6E7c81E7f35473b3594031FCC4c519fD24Ad,1,0x0764ce690a013804cabeb282e6e09bdc8cb32f52,1,289000000000000,94117786,135790,4920714,1742976179,0x1a3dbd7ce5d97640861c0115c4aae1124e63d0e0336a793d73493abb444968cc,NewSale
0x5178c4fcd6F8Afd118e760F33703691dBA434213,74153,0xbc2d6E7c81E7f35473b3594031FCC4c519fD24Ad,1,0x0764ce690a013804cabeb282e6e09bdc8cb32f52,1,250000000000000,94201434,140578,4920729,1742976209,0x03d2aa9b1a5a4660724cf57d53b8246f536abf3cf06438c878346f87dcbeb298,NewSale
0x64f7C019021aC74A68D90D08491Ca43b2a632E71,74076,0xbc2d6E7c81E7f35473b3594031FCC4c519fD24Ad,1,0x529f71b8285ecbabf59359e9284e98ad05e683e7,1,15130000000000000000,48872012,161354,4920730,1742976211,0x6ec9e7ed64fb7141a6960d6b57c9975bc8c02672761204af1751bd8b6041756b,NewSale
0xC0DEc165A5d6e6766Fbc35c977f89535899D0411,70984,0xbc2d6E7c81E7f35473b3594031FCC4c519fD24Ad,0,0x0764ce690a013804cabeb282e6e09bdc8cb32f52,1,289990000000000,94396736,142201,4920740,1742976231,0x1ed64f24e9a313f2acb6f952c57e00b8d31609bd51b277faa5f8f60c396e9b94,NewSale
0x0855cA9B13dff239c1d07D9d5609c8B151a7a854,74052,0xFC000E355ea1dC4A8B8e40B7A09d1fFf82596D7b,0,0xdf045776139a3ab27f1f51504526d14a87954b40,1,300000000000000,49020000,157674,4920748,1742976247,0xbb887ab124f0adf4c1226a6d70cade72e1ce1929053729ed96740f8ce940f08e,NewSale
0x64f7C019021aC74A68D90D08491Ca43b2a632E71,74076,0xbc2d6E7c81E7f35473b3594031FCC4c519fD24Ad,1,0x529f71b8285ecbabf59359e9284e98ad05e683e7,1,15130000000000000000,94897454,161354,4920750,1742976251,0xaf76f1f7f2ac79ba53a9e9112e9495df2c3f852bcd20c2500056b0ca42beb952,NewSale
0xC0DEc165A5d6e6766Fbc35c977f89535899D0411,70984,0xbc2d6E7c81E7f35473b3594031FCC4c519fD24Ad,0,0x0764ce690a013804cabeb282e6e09bdc8cb32f52,1,289990000000000,95370564,142201,4920761,1742976273,0x8d898b0dea57536f611dd28f4100f3b6c1ded1427cad602cce30762719c2db9d,NewSale
0x64f7C019021aC74A68D90D08491Ca43b2a632E71,74076,0xbc2d6E7c81E7f35473b3594031FCC4c519fD24Ad,1,0x529f71b8285ecbabf59359e9284e98ad05e683e7,1,15130000000000000000,95912233,161354,4920769,1742976289,0xdc411472d40b48d05d65f5abd6cda48e0ee99a8d43104cd34da8aa73d3a15dfa,NewSale
0xd3F88B095dfbD728D80406d09c5539872535cE30,74164,0xbc2d6E7c81E7f35473b3594031FCC4c519fD24Ad,1,0x0764ce690a013804cabeb282e6e09bdc8cb32f52,1,289000000000000,95950836,135790,4920772,1742976295,0xf87ea3b3603c2600eae10a3392ee76e55c3406dccf0659756bfe46cc7594c913,NewSale
0x5178c4fcd6F8Afd118e760F33703691dBA434213,74160,0xbc2d6E7c81E7f35473b3594031FCC4c519fD24Ad,1,0x0764ce690a013804cabeb282e6e09bdc8cb32f52,1,250000000000000,96207296,135778,4920784,1742976319,0x2864dccf4f73e887f6a854fbef779a1e1be4871a60b2accbfcb28d1c33ef9199,NewSale
0x64f7C019021aC74A68D90D08491Ca43b2a632E71,74076,0xbc2d6E7c81E7f35473b3594031FCC4c519fD24Ad,1,0x529f71b8285ecbabf59359e9284e98ad05e683e7,1,15130000000000000000,96031063,161354,4920789,1742976329,0x488d0e23234b3c343a969f7175d1f6bfeeb6bd59df4ef86cada3255dcf0bd008,NewSale
0x64f7C019021aC74A68D90D08491Ca43b2a632E71,74076,0xbc2d6E7c81E7f35473b3594031FCC4c519fD24Ad,1,0x529f71b8285ecbabf59359e9284e98ad05e683e7,1,15130000000000000000,96194319,154943,4920806,1742976363,0x30418af8b620f714ddd6487b9f1f1893034e8c4d37638da4e1cb4f99bf896eae,NewSale
0x30434D04B42901a5B69DD5Cc98B4883005801bF6,74152,0xbc2d6E7c81E7f35473b3594031FCC4c519fD24Ad,0,0x038687d2c45db037dcf54c58aa14d507b5db2f4c,1,289990000000000,51027389,152890,4920834,1742976419,0xaee6613156bf7eaa17ad20ab2d4d252ba7bc5b6af7685a5c03fe1a4b8b1ac62f,NewSale
0x3bbc2788dED85243F583090862260cFfE2b9C796,72543,0xdc0F91C5a4D200FfC21658901c77c0fE1A14d199,0,0x6852044d3ccc7fc0a2e3129eb665a0a66a96e4c6,1,650000000000000,50805797,150183,4920842,1742976435,0x6ac8f454c8132a0b66aeeafd42fb6f5bc89da48b85f96d021211de7653dd32a4,NewSale
0xc788d2b232C197FF7A37F638718a24000BA27D0B,74174,0xbc2d6E7c81E7f35473b3594031FCC4c519fD24Ad,1,0x3975530781db64a9f77fefaf5f459f6d59e986f6,1,200000000000000,50366423,140578,4920883,1742976517,0x64b8f184d8f2b09b21dbee5b0313fc8698a63a1ee344c8a6129d4e5a953dcc06,NewSale
0x529F71B8285ECbabF59359e9284E98AD05e683E7,74175,0xbc2d6E7c81E7f35473b3594031FCC4c519fD24Ad,1,0x64f7c019021ac74a68d90d08491ca43b2a632e71,1,15300000000000000000,99743402,178454,4920887,1742976525,0xba554752dbe8aa92774c1921bf10aa356683941b4510000a24536c742a0d5b9e,NewSale
0x529F71B8285ECbabF59359e9284E98AD05e683E7,74175,0xbc2d6E7c81E7f35473b3594031FCC4c519fD24Ad,1,0x64f7c019021ac74a68d90d08491ca43b2a632e71,1,15300000000000000000,100166011,161354,4920906,1742976563,0xc40ad8b223f8e6219bea74e03456594b05aa83b051f15b696189b9de3135a349,NewSale
0x5178c4fcd6F8Afd118e760F33703691dBA434213,74170,0xbc2d6E7c81E7f35473b3594031FCC4c519fD24Ad,0,0x0ba4449781e4d009b3a8b562d1b1b09869442ab4,1,250000000000000,51300000,140578,4920925,1742976601,0x0b8afe7707cfc87310dbc12f45d047c58facb40df7dd00d4aac3b850a7bd0908,NewSale
0x529F71B8285ECbabF59359e9284E98AD05e683E7,74175,0xbc2d6E7c81E7f35473b3594031FCC4c519fD24Ad,1,0x64f7c019021ac74a68d90d08491ca43b2a632e71,1,15300000000000000000,100359138,161354,4920926,1742976603,0x259ffcae1bf3a3f6ddf0a8974fdd841411130067f59b4046e9f474bb01473c5e,NewSale
0xe2a04cA48e45CA8f2b1a78f22f09ED555b207A9D,74172,0xbc2d6E7c81E7f35473b3594031FCC4c519fD24Ad,1,0x038687d2c45db037dcf54c58aa14d507b5db2f4c,1,289000000000000,51149827,135790,4920937,1742976625,0x07440173e17c818b4f7b2ce5f1f70a508054721cf38ffa5c65790fb9f907c7c1,NewSale
0x529F71B8285ECbabF59359e9284E98AD05e683E7,74175,0xbc2d6E7c81E7f35473b3594031FCC4c519fD24Ad,1,0x64f7c019021ac74a68d90d08491ca43b2a632e71,1,15300000000000000000,100717020,161354,4920946,1742976643,0xf5d35dfbabe956188de3e147ac81bc42c418c51ff1adb3a03b61472ae9f9f191,NewSale
0x7FA4035791Dc55f84c356a55b0695DE920161e00,74142,0xdc0F91C5a4D200FfC21658901c77c0fE1A14d199,0,0xff927a5edcafe577f8ce6817b1da9ab3b6a935fc,1,400000000000000,51537056,167271,4920962,1742976675,0x5e048b926425178a95a4e263dc558d52429af2aa5c5c64f743167d79d5b99349,NewSale
0x529F71B8285ECbabF59359e9284E98AD05e683E7,74175,0xbc2d6E7c81E7f35473b3594031FCC4c519fD24Ad,1,0x64f7c019021ac74a68d90d08491ca43b2a632e71,1,15300000000000000000,100941377,161354,4920966,1742976683,0x74983e58ac307b2f3dbd4a33f5f0181b4fd6b7c23af29eb47db3ed54dce947b6,NewSale
0x5178c4fcd6F8Afd118e760F33703691dBA434213,74180,0xbc2d6E7c81E7f35473b3594031FCC4c519fD24Ad,0,0x866fdb4bbcaf5f65275c83bc0e040ad68074776e,1,250000000000000,51950000,135778,4920983,1742976717,0x8a4914511e5fff57aa5bbe7c6082077b4d99b69e4fcba091035ffcaf824d97a0,NewSale
0x529F71B8285ECbabF59359e9284E98AD05e683E7,74175,0xbc2d6E7c81E7f35473b3594031FCC4c519fD24Ad,1,0x64f7c019021ac74a68d90d08491ca43b2a632e71,1,15300000000000000000,101069797,161354,4920986,1742976723,0x72ec127905c129e79c4894ab1a8427e764d5e3688048297f0793c11bef0fd2fc,NewSale
0x529F71B8285ECbabF59359e9284E98AD05e683E7,74175,0xbc2d6E7c81E7f35473b3594031FCC4c519fD24Ad,1,0x64f7c019021ac74a68d90d08491ca43b2a632e71,1,15300000000000000000,100894818,161354,4921005,1742976761,0xacff96464e1536c3f496c7ec1df094278b9325e7411fc20fb050362e7108cdbe,NewSale
0x529F71B8285ECbabF59359e9284E98AD05e683E7,74175,0xbc2d6E7c81E7f35473b3594031FCC4c519fD24Ad,1,0x64f7c019021ac74a68d90d08491ca43b2a632e71,1,15300000000000000000,101705569,161354,4921026,1742976803,0xe257931bd675c56396d9996e98a23cac6244a8df8d9cfd11b4e2e384719e820c,NewSale
0x529F71B8285ECbabF59359e9284E98AD05e683E7,74175,0xbc2d6E7c81E7f35473b3594031FCC4c519fD24Ad,1,0x64f7c019021ac74a68d90d08491ca43b2a632e71,1,15300000000000000000,102310032,161354,4921045,1742976841,0xd94109c71473bb063710200b8ee86b37255019633cd0625be181e7cc82d80852,NewSale
0x529F71B8285ECbabF59359e9284E98AD05e683E7,74175,0xbc2d6E7c81E7f35473b3594031FCC4c519fD24Ad,1,0x64f7c019021ac74a68d90d08491ca43b2a632e71,1,15300000000000000000,102660902,161354,4921065,1742976881,0xecf4b6a635f689968eea7572b329615a0223ab5b489edf055b98f8659e66ea16,NewSale
0xeF0Ef28b882d166B732d00A01Ea762B9CCd3FE44,74176,0xbc2d6E7c81E7f35473b3594031FCC4c519fD24Ad,1,0x30434d04b42901a5b69dd5cc98b4883005801bf6,1,280000000000000,52100000,159289,4921066,1742976883,0x7fbf637cf62fec68075daf2bceb8b47f815a239722dedb2c25b067815b40a331,NewSale
0x529F71B8285ECbabF59359e9284E98AD05e683E7,74175,0xbc2d6E7c81E7f35473b3594031FCC4c519fD24Ad,1,0x64f7c019021ac74a68d90d08491ca43b2a632e71,1,15300000000000000000,103284321,161354,4921085,1742976921,0x8bd771e3e9b0584db3a63809fc6777c751846b99e0428d2a82114b150d9da46b,NewSale
0x866FDb4BBCaF5f65275c83bc0E040ad68074776e,74182,0xbc2d6E7c81E7f35473b3594031FCC4c519fD24Ad,0,0x038687d2c45db037dcf54c58aa14d507b5db2f4c,1,280000000000000,53228525,140578,4921089,1742976929,0xa2db5c614d64e375a562bb53441249fb1454cb0bdfdf60d6713a02897919350c,NewSale
0x529F71B8285ECbabF59359e9284E98AD05e683E7,74175,0xbc2d6E7c81E7f35473b3594031FCC4c519fD24Ad,1,0x64f7c019021ac74a68d90d08491ca43b2a632e71,1,15300000000000000000,103463898,161354,4921104,1742976959,0x81636c8f301cb2f742172f9000d3cdea53f6d847a7f12785a1a7bdf3b63a8c05,NewSale
0x529F71B8285ECbabF59359e9284E98AD05e683E7,74175,0xbc2d6E7c81E7f35473b3594031FCC4c519fD24Ad,1,0x64f7c019021ac74a68d90d08491ca43b2a632e71,1,15300000000000000000,103404183,161354,4921124,1742976999,0xe2e5f394a6fdb1d81d65a5b09613dbc1f57fcfae607a07d624bc426f616132db,NewSale
0xac6436Bcb96573c9D4F118D6ee876eBebC1cbA6E,74178,0xbc2d6E7c81E7f35473b3594031FCC4c519fD24Ad,1,0x038687d2c45db037dcf54c58aa14d507b5db2f4c,1,289000000000000,52854266,135790,4921143,1742977037,0xbc85ccfcb0b57c52ad69cd2b307c9ea2dd424f3718940ff2c057d5a6e5cfe981,NewSale
0x529F71B8285ECbabF59359e9284E98AD05e683E7,74175,0xbc2d6E7c81E7f35473b3594031FCC4c519fD24Ad,1,0x64f7c019021ac74a68d90d08491ca43b2a632e71,1,15300000000000000000,103071816,161354,4921144,1742977039,0x244e259bbd6b062c1babac4486b74099410f65ab2cc97d8a60b947a3715f337b,NewSale
0x529F71B8285ECbabF59359e9284E98AD05e683E7,74175,0xbc2d6E7c81E7f35473b3594031FCC4c519fD24Ad,1,0x64f7c019021ac74a68d90d08491ca43b2a632e71,1,15300000000000000000,102683256,161354,4921164,1742977079,0x3afc8af0865cd695af7d3ab58cca915ad8dc5138207039fd55738dbc27b98236,NewSale
0xeF0Ef28b882d166B732d00A01Ea762B9CCd3FE44,74176,0xbc2d6E7c81E7f35473b3594031FCC4c519fD24Ad,1,0xdf045776139a3ab27f1f51504526d14a87954b40,1,280000000000000,53100000,142189,4921166,1742977083,0xd51f2d89d9c62970f5766a2fee7fa9a1c21deb38f8715202e8ce98d915a27d02,NewSale
0x7b2b66611e5Da32AF044530C875Ccd6B1F7324aC,74169,0xbc2d6E7c81E7f35473b3594031FCC4c519fD24Ad,1,0x575768a6e79f5b1d52aedd9d79609f0a987c96ef,1,289000000000000,53240000,152890,4921176,1742977103,0x1e40c301d2a09b469f337c57b8a726ef1511209e0d9afab4af6236a008f2559a,NewSale
0x3872fb1d0D16B27beBCF27a409F78E6F3630f5Bb,74179,0xbc2d6E7c81E7f35473b3594031FCC4c519fD24Ad,0,0x866fdb4bbcaf5f65275c83bc0e040ad68074776e,1,280000000000000,53100000,140578,4921182,1742977115,0x8749a6492efbf5455389c7b0572065fa8066b940f80c8d34295d579d65b6eb21,NewSale
0x529F71B8285ECbabF59359e9284E98AD05e683E7,74175,0xbc2d6E7c81E7f35473b3594031FCC4c519fD24Ad,1,0x64f7c019021ac74a68d90d08491ca43b2a632e71,1,15300000000000000000,55686172,161354,4921184,1742977119,0x557011f7a7ea3e7bf990e1f9f416f7ac14e57eac901369ea9a0d58aededa342f,NewSale
0x529F71B8285ECbabF59359e9284E98AD05e683E7,74175,0xbc2d6E7c81E7f35473b3594031FCC4c519fD24Ad,1,0x64f7c019021ac74a68d90d08491ca43b2a632e71,1,15300000000000000000,102654799,154943,4921217,1742977185,0x612b7fd2c0b7771ab44962a38a0b0fe6a538eb2151dc84faf8d0e28e4beed0e5,NewSale
0x6f24433d9c9Ac9e6192D05ae0d4967760269e2E1,74202,0xbc2d6E7c81E7f35473b3594031FCC4c519fD24Ad,0,0x866fdb4bbcaf5f65275c83bc0e040ad68074776e,1,280000000000000,53100000,140578,4921217,1742977185,0xf3aa2962c07f76e26810df736d70769f30185e9e0caa9c879f42453e180efc05,NewSale
0xC0DEc165A5d6e6766Fbc35c977f89535899D0411,70984,0xbc2d6E7c81E7f35473b3594031FCC4c519fD24Ad,0,0x866fdb4bbcaf5f65275c83bc0e040ad68074776e,1,289990000000000,52710000,142201,4921239,1742977229,0x20d37fd5e0003af4e67b55693403ca62ed4831792b14a31d370047b8ef8e0710,NewSale
0x7FA4035791Dc55f84c356a55b0695DE920161e00,74145,0xdc0F91C5a4D200FfC21658901c77c0fE1A14d199,0,0xdb985390231ad1566dc6cbdb34441f3444bf2c74,1,400000000000000,103143455,145371,4921253,1742977257,0x7772ea1816cb8caabd94e9dde1c3b8b254190de7682378ffac658f52f54b53ef,NewSale
0xeF0Ef28b882d166B732d00A01Ea762B9CCd3FE44,74176,0xbc2d6E7c81E7f35473b3594031FCC4c519fD24Ad,1,0x29c355065ffe427108a7d601cd1ed2010c2f0144,1,280000000000000,103517556,142189,4921265,1742977281,0xf60851bee1478135cbd29746c0091015856275ab408452e892bd75167406faa7,NewSale
0xeF0Ef28b882d166B732d00A01Ea762B9CCd3FE44,74176,0xbc2d6E7c81E7f35473b3594031FCC4c519fD24Ad,1,0xdf045776139a3ab27f1f51504526d14a87954b40,1,280000000000000,52600000,142189,4921271,1742977293,0x51eb52cd4851000a2e328d776289f001e37efdf47242d4b164e0a035b08b79ba,NewSale
0xC0DEc165A5d6e6766Fbc35c977f89535899D0411,70984,0xbc2d6E7c81E7f35473b3594031FCC4c519fD24Ad,0,0x866fdb4bbcaf5f65275c83bc0e040ad68074776e,1,289990000000000,53130000,142201,4921279,1742977309,0x81b7f2a47850eb51bd27625c1c4c1e8f92e4c5c2fae472ed484b7285b08d9784,NewSale
0x64f7C019021aC74A68D90D08491Ca43b2a632E71,74215,0xbc2d6E7c81E7f35473b3594031FCC4c519fD24Ad,1,0x529f71b8285ecbabf59359e9284e98ad05e683e7,1,14960000000000000000,103706029,178454,4921283,1742977317,0x562da4edc50b89a641de60fd2a02987c7140d3897010a702ec29f6510f8040db,NewSale
0x30434D04B42901a5B69DD5Cc98B4883005801bF6,74208,0xbc2d6E7c81E7f35473b3594031FCC4c519fD24Ad,1,0x29c355065ffe427108a7d601cd1ed2010c2f0144,1,281000000000000,103991298,135778,4921291,1742977333,0x435cf213b49e1f1578f8e8aa2c5cd9e7e73dc4ec135f4c597e496637e67415b9,NewSale
0x64f7C019021aC74A68D90D08491Ca43b2a632E71,74215,0xbc2d6E7c81E7f35473b3594031FCC4c519fD24Ad,1,0x529f71b8285ecbabf59359e9284e98ad05e683e7,1,14960000000000000000,104348673,161354,4921302,1742977355,0x489e1ccf49b2fb6e181d67ceb71e015633a488c388d6377e286938df9b88d4fd,NewSale
0xC0DEc165A5d6e6766Fbc35c977f89535899D0411,70984,0xbc2d6E7c81E7f35473b3594031FCC4c519fD24Ad,0,0xdf045776139a3ab27f1f51504526d14a87954b40,1,289990000000000,55570000,142201,4921305,1742977361,0x823373b273b2b0c2f9763adf43a02974a4f226efac8cce7a686b9680d23d61dc,NewSale
0x64f7C019021aC74A68D90D08491Ca43b2a632E71,74215,0xbc2d6E7c81E7f35473b3594031FCC4c519fD24Ad,1,0x529f71b8285ecbabf59359e9284e98ad05e683e7,1,14960000000000000000,104838978,161354,4921322,1742977395,0xa906874420f66090c34b1880a03bc81980114c5aa5fc689d9298c08a7a0ff1e7,NewSale
0xC0DEc165A5d6e6766Fbc35c977f89535899D0411,70984,0xbc2d6E7c81E7f35473b3594031FCC4c519fD24Ad,0,0x866fdb4bbcaf5f65275c83bc0e040ad68074776e,1,289990000000000,55590000,142201,4921324,1742977399,0x7abc63527eb0cd09043c809cec5a9299da92ee79f366eb33e78ca5b3077a5786,NewSale
0xC7c4ECF61B274956f2A23EB6936fED0A0f940995,74177,0xbc2d6E7c81E7f35473b3594031FCC4c519fD24Ad,1,0x29c355065ffe427108a7d601cd1ed2010c2f0144,1,289000000000000,105026291,135790,4921337,1742977425,0xc0a47de74779e5a6c6ff9098faf2481d642192343db8227a4329cd9855ebeedd,NewSale
0x64f7C019021aC74A68D90D08491Ca43b2a632E71,74215,0xbc2d6E7c81E7f35473b3594031FCC4c519fD24Ad,1,0x529f71b8285ecbabf59359e9284e98ad05e683e7,1,14960000000000000000,105066146,161354,4921342,1742977435,0x12e70f008e3f5fa951f49ed36991c9413af7e6f0597ff9512dc59f006dab8324,NewSale
0xeF0Ef28b882d166B732d00A01Ea762B9CCd3FE44,74176,0xbc2d6E7c81E7f35473b3594031FCC4c519fD24Ad,1,0xdf045776139a3ab27f1f51504526d14a87954b40,1,280000000000000,55590000,142189,4921349,1742977449,0xf24bd4087edb25e3402de84f532d719f90e5d00bbd9dac2e02553922979f0668,NewSale
0x64f7C019021aC74A68D90D08491Ca43b2a632E71,74215,0xbc2d6E7c81E7f35473b3594031FCC4c519fD24Ad,1,0x529f71b8285ecbabf59359e9284e98ad05e683e7,1,14960000000000000000,105255213,161354,4921362,1742977475,0xbc21d01cb23d2ad3f9778e9a3db879614336023581f2b3753615c8fbcb0c4355,NewSale
0xC0DEc165A5d6e6766Fbc35c977f89535899D0411,70984,0xbc2d6E7c81E7f35473b3594031FCC4c519fD24Ad,0,0x866fdb4bbcaf5f65275c83bc0e040ad68074776e,1,289990000000000,57040000,142201,4921363,1742977477,0xb213d96e75257a48224a90a46fdda2a7316c63e18fdd9c3b004fc1226ad0d380,NewSale
0x64f7C019021aC74A68D90D08491Ca43b2a632E71,74215,0xbc2d6E7c81E7f35473b3594031FCC4c519fD24Ad,1,0x529f71b8285ecbabf59359e9284e98ad05e683e7,1,14960000000000000000,107898802,161354,4921381,1742977513,0xdd033c3885db4b82d18380745c050c76fbeb2b7a8568f7184d5b20a963ceea04,NewSale
0x64f7C019021aC74A68D90D08491Ca43b2a632E71,74215,0xbc2d6E7c81E7f35473b3594031FCC4c519fD24Ad,1,0x529f71b8285ecbabf59359e9284e98ad05e683e7,1,14960000000000000000,55694057,161354,4921401,1742977553,0x71baaa2959e0391fcc12fa353aa137b78bde53db849369eae1b7a86b644a6ae4,NewSale
0xeF0Ef28b882d166B732d00A01Ea762B9CCd3FE44,74176,0xbc2d6E7c81E7f35473b3594031FCC4c519fD24Ad,1,0x30434d04b42901a5b69dd5cc98b4883005801bf6,1,280000000000000,55600000,159289,4921412,1742977575,0x5ee3ab86fca34488ad70116b1c6d18c8f6e3a81030fd3e6f03e2d727239e0e45,NewSale
0x64f7C019021aC74A68D90D08491Ca43b2a632E71,74215,0xbc2d6E7c81E7f35473b3594031FCC4c519fD24Ad,1,0x529f71b8285ecbabf59359e9284e98ad05e683e7,1,14960000000000000000,109204675,161354,4921420,1742977591,0x4bcca8d047ce4b0c90905f17e91fe5be5ef1f4dae8bad398e904943f0ade1584,NewSale
0x64f7C019021aC74A68D90D08491Ca43b2a632E71,74215,0xbc2d6E7c81E7f35473b3594031FCC4c519fD24Ad,1,0x529f71b8285ecbabf59359e9284e98ad05e683e7,1,14960000000000000000,61841982,161354,4921440,1742977631,0x36be60152a2ed8d70e4ad23bd5afc876b4f15f843f12e5c09ad58d3251b4bfde,NewSale
0x64f7C019021aC74A68D90D08491Ca43b2a632E71,74215,0xbc2d6E7c81E7f35473b3594031FCC4c519fD24Ad,1,0x529f71b8285ecbabf59359e9284e98ad05e683e7,1,14960000000000000000,56958482,161354,4921460,1742977671,0x9b5950d531df16cf0e471b763cb511211a77386a461c4d7d72dbf117ea60f93a,NewSale
0x64f7C019021aC74A68D90D08491Ca43b2a632E71,74215,0xbc2d6E7c81E7f35473b3594031FCC4c519fD24Ad,1,0x529f71b8285ecbabf59359e9284e98ad05e683e7,1,14960000000000000000,109831113,161354,4921481,1742977713,0x51d169e233cadf7f8408a71d35c8c29184b9b20692d6aaf718052c48c8689e63,NewSale
0xeF0Ef28b882d166B732d00A01Ea762B9CCd3FE44,74176,0xbc2d6E7c81E7f35473b3594031FCC4c519fD24Ad,1,0x30434d04b42901a5b69dd5cc98b4883005801bf6,1,280000000000000,56960000,142189,4921481,1742977713,0xdf30ded1ca2e5feacc8c2f663f4927176883b05ae13404c4c9f1d7247d3b0989,NewSale
0xeF0Ef28b882d166B732d00A01Ea762B9CCd3FE44,74176,0xbc2d6E7c81E7f35473b3594031FCC4c519fD24Ad,1,0xdb985390231ad1566dc6cbdb34441f3444bf2c74,1,280000000000000,110033972,159289,4921490,1742977731,0x474ac56371d512dfa2e3ec14293a6953fd8b11199d30817d618f0fad5f6b81a8,NewSale
0x64f7C019021aC74A68D90D08491Ca43b2a632E71,74215,0xbc2d6E7c81E7f35473b3594031FCC4c519fD24Ad,1,0x529f71b8285ecbabf59359e9284e98ad05e683e7,1,14960000000000000000,57375977,161354,4921500,1742977751,0xba0d9509b6cb1164911b4c48963aac97de57d14ef6ca76973826bd27bc5072fb,NewSale
0x0855cA9B13dff239c1d07D9d5609c8B151a7a854,74140,0xFC000E355ea1dC4A8B8e40B7A09d1fFf82596D7b,0,0xdf045776139a3ab27f1f51504526d14a87954b40,1,450000000000000,57320000,135774,4921513,1742977777,0x40806c25c9003bb35df14d709d24a9f208c314b3042316953448b591f62243b3,NewSale
0x64f7C019021aC74A68D90D08491Ca43b2a632E71,74215,0xbc2d6E7c81E7f35473b3594031FCC4c519fD24Ad,1,0x529f71b8285ecbabf59359e9284e98ad05e683e7,1,14960000000000000000,57908420,161354,4921520,1742977791,0xcef2e98246e33d6218cabc07ff354f1f5daa2b3dee262ed0f0f91abb70564b05,NewSale
0xeF0Ef28b882d166B732d00A01Ea762B9CCd3FE44,74176,0xbc2d6E7c81E7f35473b3594031FCC4c519fD24Ad,1,0xd1db41b5eb70966a2c008d2c9db0afc2b780b7b9,1,280000000000000,58090000,159277,4921521,1742977793,0xef6c41fa8cb5d3ff8ed584bad4ac069ac8650796ba5ad41ef491a58c01ded171,NewSale
0x5ccA0070FaE1ae38026eBa715983A1415fe5899a,74181,0xbc2d6E7c81E7f35473b3594031FCC4c519fD24Ad,1,0xa04524cf654d7bfa0e642e7eef9cd5055d799829,1,289000000000000,58090000,152890,4921531,1742977813,0xdab1622a79630d1dfb1069e52c0a549d292722da56dc170144784861d0937e09,NewSale
0x64f7C019021aC74A68D90D08491Ca43b2a632E71,74215,0xbc2d6E7c81E7f35473b3594031FCC4c519fD24Ad,1,0x529f71b8285ecbabf59359e9284e98ad05e683e7,1,14960000000000000000,58410197,161354,4921540,1742977831,0xceacf276fd6d6a8edaa074ed331cb1f884719cda4c57e494435628807a5e6d94,NewSale
0xb0d7f49d98D4c5527576ebe7f0B14624Ea4E013c,74183,0xbc2d6E7c81E7f35473b3594031FCC4c519fD24Ad,1,0x151dffb2b6c773794356b7ebe14247df97a4429e,1,289000000000000,58640000,152890,4921551,1742977853,0xe005347dbf0b45650b53cc11539b6340efd20cb752d8875b2af69ce1739158a7,NewSale
0x64f7C019021aC74A68D90D08491Ca43b2a632E71,74215,0xbc2d6E7c81E7f35473b3594031FCC4c519fD24Ad,1,0x529f71b8285ecbabf59359e9284e98ad05e683e7,1,14960000000000000000,59015178,161354,4921559,1742977869,0xc40a601953efc9207f3488ed720f5f836dc52eb8e65c3ce977b789d64526abe0,NewSale
0x3872fb1d0D16B27beBCF27a409F78E6F3630f5Bb,74189,0xbc2d6E7c81E7f35473b3594031FCC4c519fD24Ad,0,0x575768a6e79f5b1d52aedd9d79609f0a987c96ef,1,290000000000000,59050000,157690,4921566,1742977883,0xf0ad396f9d40cf816ac54aaa785480e6d08cf2c017c92518e4564195108514ed,NewSale
0xb421476cCC8251a2A77d78f6c44a7387B2a72066,74188,0xbc2d6E7c81E7f35473b3594031FCC4c519fD24Ad,1,0xdd27c365253526d0d99619761d7f404b38900814,1,289000000000000,112207233,152890,4921569,1742977889,0xafd5398b2d1855abfd50ec27530397b0c940d9a5a9f318aa51d0d7dd2d4ac73d,NewSale
0x64f7C019021aC74A68D90D08491Ca43b2a632E71,74215,0xbc2d6E7c81E7f35473b3594031FCC4c519fD24Ad,1,0x529f71b8285ecbabf59359e9284e98ad05e683e7,1,14960000000000000000,59982497,161354,4921580,1742977911,0x2f9923f6bd5983c2f867480995c76ddce3a21ec4fb1f7cb03d9f1358ca177ad0,NewSale
0xfC13f0B928f77cE29Da4858FEEeda5b376c340Ce,74209,0xbc2d6E7c81E7f35473b3594031FCC4c519fD24Ad,1,0xdd27c365253526d0d99619761d7f404b38900814,1,289000000000000,112739525,135790,4921585,1742977921,0x9b7d83e64801cf610fd1c19c45730232a731d57818a6ebc7db6b1e285ee3f321,NewSale
0x6f24433d9c9Ac9e6192D05ae0d4967760269e2E1,74212,0xbc2d6E7c81E7f35473b3594031FCC4c519fD24Ad,0,0x6e4aaf7ab038512ee29989b3d1fc6ad8efc36f17,1,300000000000000,59895319,140590,4921586,1742977923,0x51ca90a067544c8e9d7ee2a40a2c03908a0935222c4bccb0a73662a6012c465e,NewSale
0x64f7C019021aC74A68D90D08491Ca43b2a632E71,74215,0xbc2d6E7c81E7f35473b3594031FCC4c519fD24Ad,1,0x529f71b8285ecbabf59359e9284e98ad05e683e7,1,14960000000000000000,60432818,154943,4921598,1742977947,0x11feeaf9a976cb4b81e1cdc6b5095ee5224818dc8d49c88711ac24ccb85be3d2,NewSale
0x8811a1D8A146912036150a82F57E3AE74B7Df523,74216,0xbc2d6E7c81E7f35473b3594031FCC4c519fD24Ad,1,0xdd27c365253526d0d99619761d7f404b38900814,1,289000000000000,113506946,135790,4921599,1742977949,0xddd3f53d139110b1d25bf6b8b34130cfe9b778960145b87e750ad348902a6e44,NewSale
0xF93DFb359f9c511693014b8988243BBD4065955b,74221,0xbc2d6E7c81E7f35473b3594031FCC4c519fD24Ad,1,0xdd27c365253526d0d99619761d7f404b38900814,1,289000000000000,113953173,135790,4921612,1742977975,0xb108ef98ab0fe60938af0ad9f13e827ae40396981bb1ced206b900fb7e2af13d,NewSale
0x8E4735162adfaca0eDb0f50977963def630fBE12,74219,0xbc2d6E7c81E7f35473b3594031FCC4c519fD24Ad,1,0xdd27c365253526d0d99619761d7f404b38900814,1,289000000000000,114646033,135790,4921624,1742977999,0xa1b892406cdad0ce3a4ec49865f528ecb9d0231282578cf358202800ed2a386c,NewSale
0x701eD18aC66089dBE9B80E6F270D7903c1B4CA93,74051,0xbc2d6E7c81E7f35473b3594031FCC4c519fD24Ad,1,0xdd27c365253526d0d99619761d7f404b38900814,1,290000000000000,115373196,135790,4921635,1742978021,0xde60b5a6bdb2d0a006315148e47e11aa0df0c37bcd8c09538ddb04225757f310,NewSale
0xE0b1a59A1cc47bfb5dd2389382b5b6c3abB7408D,74220,0xbc2d6E7c81E7f35473b3594031FCC4c519fD24Ad,1,0xdd27c365253526d0d99619761d7f404b38900814,1,289000000000000,115442195,135790,4921650,1742978051,0x02014cf66b5a3e8eac86f5b450e7310215da4cbd4a964ee088c4cbef21a58275,NewSale
