listing_creator,listing_id,asset_contract,token_id,buyer,quantity_bought,total_price_paid,gas_price,gas_used,block_number,timestamp,transaction_hash,event_type
0xfF7116560005A341F809Bb6405260bbb0f2a1B45,75864,0x26eA0a7Bd0e3feBc7Cd919Ab46e17b47cb01Cc04,122,0x100256960586548d73703507bb33be538ae7a7bf,1,25010000000000000,10473878,149990,4944416,1743023583,0x23c1e162602dc604288dc0f4fd073bbe87728762bd5939716aa98dcf8aea68ad,NewSale
0xC0DEc165A5d6e6766Fbc35c977f89535899D0411,74893,0xbc2d6E7c81E7f35473b3594031FCC4c519fD24Ad,0,0xed93a4e89ad6c27318eab868aa1efd2eb97fa13f,1,249999990000000,10467590,142201,4944425,1743023601,0x39d4ad9169ef283f2ce3c8681a531ec8687977d3cdc488686d4eab8a80657ced,NewSale
0x7b4B816b35dA86F4414E4f329A78b34a52a24991,76148,0xbc2d6E7c81E7f35473b3594031FCC4c519fD24Ad,1,0xd415b0cc965b84e460fd7e4af58e8efb15c76607,1,250000000000000,10578636,135778,4944426,1743023603,0x7f759ff982bb8756975812fa19e5302bcb5c7b3867beb65ad4229a907d151cfa,NewSale
0x80fe121B69163E17bd4e9CC573652e29E48fa4ae,72580,0xbc2d6E7c81E7f35473b3594031FCC4c519fD24Ad,0,0x8a3f938b28a375f57b9ee8c1613d86141db46a09,1,20000000000000000000,10479422,178466,4944428,1743023607,0x98e4fe0c89091be4754ac9324e4659547d8975d916ff6a0872af9c1f3b4688ba,NewSale
0xeF0Ef28b882d166B732d00A01Ea762B9CCd3FE44,76143,0xbc2d6E7c81E7f35473b3594031FCC4c519fD24Ad,1,0x6d695ef656ec909bf220d724b1d9f43a7da012c3,1,240000000000000,10510000,142177,4944452,1743023655,0xd9c37992089b0f980f8f74db9b1128b62c933ad63a63f9443ad63f3c040cc1b5,NewSale
0x80fe121B69163E17bd4e9CC573652e29E48fa4ae,75968,0xbc2d6E7c81E7f35473b3594031FCC4c519fD24Ad,0,0x8a3f938b28a375f57b9ee8c1613d86141db46a09,1,20000000000000000000,10439854,161366,4944453,1743023657,0xf5f1aa0d85fe677d50d0ddf0bab755b8dcbab0279adbf379d8edc987c00819bf,NewSale
0xeF0Ef28b882d166B732d00A01Ea762B9CCd3FE44,76143,0xbc2d6E7c81E7f35473b3594031FCC4c519fD24Ad,1,0x187666f6b83db22940dcb91cae0641f846c53a55,1,240000000000000,10536308,142177,4944455,1743023661,0xeff6329769bb5519b564120dc89f17d92672756885e218de9fbf9f8140bc377e,NewSale
0x7a7b07E003CEb15Bd7b227481346B6a06b9e11fd,76152,0xbc2d6E7c81E7f35473b3594031FCC4c519fD24Ad,1,0xf1d95420bdb8001a66204c38957107fc37a264f1,1,260000000000000,10478897,152866,4944463,1743023677,0xb889cb9198e0a692a92f558c1c44e448880304bc2cd4a727935dcecd9a2d3498,NewSale
0x5AEABc17d4bd061f14FA0F16c45bD1725B73a388,76151,0xbc2d6E7c81E7f35473b3594031FCC4c519fD24Ad,1,0xed93a4e89ad6c27318eab868aa1efd2eb97fa13f,1,250000000000000,10481200,135778,4944483,1743023717,0xc7947ee49d506bc834cf6179fc976a50aac5af96df8e687ae52b932f38947bc4,NewSale
0xC0DEc165A5d6e6766Fbc35c977f89535899D0411,74893,0xbc2d6E7c81E7f35473b3594031FCC4c519fD24Ad,0,0x187666f6b83db22940dcb91cae0641f846c53a55,1,249999990000000,10635052,142201,4944490,1743023731,0x22e01b87ec2c15de988a55a55980b2dc092c9dff739fd802d32a634beb72dbf5,NewSale
0xC0DEc165A5d6e6766Fbc35c977f89535899D0411,74786,0xbc2d6E7c81E7f35473b3594031FCC4c519fD24Ad,0,0xed93a4e89ad6c27318eab868aa1efd2eb97fa13f,1,265000000000000,10455204,142189,4944502,1743023755,0x88c936899f6ead0f92434cca3697be5966b6a1807f5748b581611071eb389f60,NewSale
0xC0DEc165A5d6e6766Fbc35c977f89535899D0411,74893,0xbc2d6E7c81E7f35473b3594031FCC4c519fD24Ad,0,0x6d695ef656ec909bf220d724b1d9f43a7da012c3,1,249999990000000,10510000,142201,4944521,1743023793,0x7ba24f90bd5e99da65b13920a33e9db8c827dd6daf93ef638cf8ca9d631768a9,NewSale
0xC0DEc165A5d6e6766Fbc35c977f89535899D0411,74893,0xbc2d6E7c81E7f35473b3594031FCC4c519fD24Ad,0,0x5bdb1d2f5961c27378ff56bfeccbd889dd446614,1,249999990000000,10512048,142201,4944556,1743023863,0x1b470d9604a749f071031d3d0e002972010bbc6cbf3042f09de51668bea5d162,NewSale
0x410651714E33Ea6e547DcB1f9B34a3177DF0352B,76160,0xbc2d6E7c81E7f35473b3594031FCC4c519fD24Ad,0,0x6d695ef656ec909bf220d724b1d9f43a7da012c3,1,240000000000000,10480000,140566,4944559,1743023869,0xb9b014db900c63e5e40a458befc1c285f101158129740aa3ec2eb99976a98e69,NewSale
0x60aC34086F18Ebeba5eECd14E80F4F288dAD5078,76150,0xbc2d6E7c81E7f35473b3594031FCC4c519fD24Ad,1,0xcf3dc1e9cb9f18ce71405265f7286e234add08f1,1,240000000000000,10415891,140566,4944582,1743023915,0xa247e52efd99ba50748cec7702300d5c1bc23114735592f5602f25e939822ab3,NewSale
0xEcEe6823c9B2F1E02733fFa41ED787f9994A6726,76156,0xbc2d6E7c81E7f35473b3594031FCC4c519fD24Ad,1,0x6b145300d4e4912f4cc6866268d7e169b0ad8e2a,1,250000000000000,10370506,152866,4944596,1743023943,0xfacd1c5a32fe6b41b38fc36658aba3461dd3b15e125c6e75de65e374efa81e94,NewSale
0xeF0Ef28b882d166B732d00A01Ea762B9CCd3FE44,76143,0xbc2d6E7c81E7f35473b3594031FCC4c519fD24Ad,1,0xc767bb25506790b5b43ec61d8bc786f76e4e34c5,1,240000000000000,10330000,157666,4944608,1743023967,0x0a903b9bf86708e16a4eb6eb5cafe493cd6b96325911cd513599bd7b215d900d,NewSale
0xf1d95420bDb8001A66204C38957107FC37a264f1,76163,0xbc2d6E7c81E7f35473b3594031FCC4c519fD24Ad,1,0x7a7b07e003ceb15bd7b227481346b6a06b9e11fd,1,260100000000000,10269578,152878,4944613,1743023977,0x0f1d1277886f303e0e34390f1a378424f9b2ccb9b8026e34e82492067302ec90,NewSale
0x6E52bF734f2672fE2f6838EC4050e6Db46f025ea,76172,0xbc2d6E7c81E7f35473b3594031FCC4c519fD24Ad,0,0x1183f7bf59cfff1d6772663441bab3aa6c27fa99,1,200000000000000,10256423,140578,4944617,1743023985,0xd06750502d2c2cbb8af1be04ca30d344cc6b307829b5830f7d120bfbd0e8c21a,NewSale
0x6E52bF734f2672fE2f6838EC4050e6Db46f025ea,76171,0xbc2d6E7c81E7f35473b3594031FCC4c519fD24Ad,0,0x8cae9b671a1df50d6cd51d82738cb468382301c1,1,230000000000000,10240000,152878,4944630,1743024011,0xa606d4d8ea230a3372c3723ff83bead11ada08a2a00522794d214b509690d735,NewSale
0x6E52bF734f2672fE2f6838EC4050e6Db46f025ea,76159,0xbc2d6E7c81E7f35473b3594031FCC4c519fD24Ad,1,0x1183f7bf59cfff1d6772663441bab3aa6c27fa99,1,230000000000000,10188311,157678,4944630,1743024011,0xb5a442c828de3f78a74b835606c2180fb3dd53c989571cc81fcd26e4900b35b4,NewSale
0x6E52bF734f2672fE2f6838EC4050e6Db46f025ea,76167,0xbc2d6E7c81E7f35473b3594031FCC4c519fD24Ad,1,0x1183f7bf59cfff1d6772663441bab3aa6c27fa99,1,230000000000000,10167275,135778,4944646,1743024043,0xcd0db32e912c5794195c7697caaaf1eeb056a61afe8f95b47d341446ab915e3b,NewSale
0xCE3A6164c5Ee8e2A4851F14c94990EB37E40637e,76161,0xbc2d6E7c81E7f35473b3594031FCC4c519fD24Ad,1,0xecf47e901c320c2e22a6e11d13cd9419ea94807e,1,230000000000000,10184806,135778,4944652,1743024055,0x39444818671fdcf414c801e918525698402cfc50ace30506a6bb3d0ca360e797,NewSale
0xC0DEc165A5d6e6766Fbc35c977f89535899D0411,74893,0xbc2d6E7c81E7f35473b3594031FCC4c519fD24Ad,0,0xcf3dc1e9cb9f18ce71405265f7286e234add08f1,1,249999990000000,10196972,142201,4944653,1743024057,0x6137b843d3d744685de301681759ac4e2dc680fce95a89d09fa31d587eeab7e5,NewSale
0x07064128Ef444f07cDa9707764CFCf93eB2c1857,76179,0xbc2d6E7c81E7f35473b3594031FCC4c519fD24Ad,0,0xecf47e901c320c2e22a6e11d13cd9419ea94807e,1,240000000000000,10169995,140566,4944669,1743024089,0x19b6731d62b5f51d2c9764d6eae6dec9017722226038dd2112a03a61dc2c970a,NewSale
0x82798EfcfC211d1Fb31B0C4244198Ed6A68029D4,76154,0xbc2d6E7c81E7f35473b3594031FCC4c519fD24Ad,1,0xcf3dc1e9cb9f18ce71405265f7286e234add08f1,1,250000000000000,10068181,135778,4944681,1743024113,0xdba2b7b578f6492adb3814702259bc9e4372f2917920d511e91eda695e5109a2,NewSale
0x07064128Ef444f07cDa9707764CFCf93eB2c1857,76170,0xbc2d6E7c81E7f35473b3594031FCC4c519fD24Ad,1,0xecf47e901c320c2e22a6e11d13cd9419ea94807e,1,245000000000000,10056504,140578,4944688,1743024127,0x1df2c8a0cfa77d1cf21cd2c50b07c9137034785768327e0ba53dd305ed3a3b17,NewSale
0xC0DEc165A5d6e6766Fbc35c977f89535899D0411,74893,0xbc2d6E7c81E7f35473b3594031FCC4c519fD24Ad,0,0x6d695ef656ec909bf220d724b1d9f43a7da012c3,1,249999990000000,10060000,142201,4944690,1743024131,0xd0e107d329c0a7c0f57dc93b63e3b2309094c44688aa6cf5eeca25155c9aa09f,NewSale
0x07064128Ef444f07cDa9707764CFCf93eB2c1857,76165,0xbc2d6E7c81E7f35473b3594031FCC4c519fD24Ad,1,0x1183f7bf59cfff1d6772663441bab3aa6c27fa99,1,240000000000000,9965395,140566,4944692,1743024135,0xc424f4cb592e70ec4deb25ecdf073b85f782f7872531230513180c98307ba5b8,NewSale
0xC0DEc165A5d6e6766Fbc35c977f89535899D0411,74786,0xbc2d6E7c81E7f35473b3594031FCC4c519fD24Ad,0,0xed93a4e89ad6c27318eab868aa1efd2eb97fa13f,1,265000000000000,9941862,142189,4944715,1743024181,0x8f9f4de32e1f6b15bcef7cd25e977ad84f40b284fc1d6a4a879f4d1b3125a447,NewSale
0x7a7b07E003CEb15Bd7b227481346B6a06b9e11fd,76181,0xbc2d6E7c81E7f35473b3594031FCC4c519fD24Ad,1,0xcf3dc1e9cb9f18ce71405265f7286e234add08f1,1,260211000000000,10038743,135778,4944716,1743024183,0xe188c9b92168d33bae95bfd439ad6661014cc068c5cb4df48e4f50c49198c354,NewSale
0xf1d95420bDb8001A66204C38957107FC37a264f1,76174,0xbc2d6E7c81E7f35473b3594031FCC4c519fD24Ad,0,0x7bf95038241ffc4399db57c907a193e7f3738dcf,1,240200000000000,10038743,135778,4944716,1743024183,0xe18986446b285151a0b0a587d950f9842572e798716d33074c4eb0714db63c77,NewSale
0x07064128Ef444f07cDa9707764CFCf93eB2c1857,76184,0xbc2d6E7c81E7f35473b3594031FCC4c519fD24Ad,0,0x7bf95038241ffc4399db57c907a193e7f3738dcf,1,245000000000000,10093667,140578,4944727,1743024205,0x34e9b1ecb679f1f91236c7c1624128b314228fbaf8106539cc556949c32e7bf5,NewSale
0xbBd854827d4fAC23D22f2578EcF1F556678f2ddc,76158,0xbc2d6E7c81E7f35473b3594031FCC4c519fD24Ad,1,0x7bf95038241ffc4399db57c907a193e7f3738dcf,1,250000000000000,10076663,152878,4944740,1743024231,0xfba0b12d249ee09038752d1823fd09b2eb41a686b969c2adc4b14cc770025699,NewSale
0xB65Fa0AF8D0472737c6dD79Ab6B98578499C7b3a,76141,0xbc2d6E7c81E7f35473b3594031FCC4c519fD24Ad,1,0x6d695ef656ec909bf220d724b1d9f43a7da012c3,1,250000000000000,9980000,135778,4944742,1743024235,0x5f2dd71086e559bb1b95ea58c19a89087c7fea45b2698043336e11bfab5bf626,NewSale
0xC0DEc165A5d6e6766Fbc35c977f89535899D0411,74777,0xbc2d6E7c81E7f35473b3594031FCC4c519fD24Ad,0,0xecf47e901c320c2e22a6e11d13cd9419ea94807e,1,259999990000000,10036035,142201,4944747,1743024245,0x6f2878ab15e8cc94e57aa0325e1ed2d5bb5a9e7850df3827278306becbad9c3b,NewSale
0x13Bc1C75c55Eba5AC80CC5f4Cf5602Ec3F49C2a3,76177,0xbc2d6E7c81E7f35473b3594031FCC4c519fD24Ad,1,0x7bf95038241ffc4399db57c907a193e7f3738dcf,1,250000000000000,10047053,135778,4944752,1743024255,0xe6432de761d6f17562a106f4d90d53f33755f1bd16d538af0cd28f61cc48b466,NewSale
0xC0DEc165A5d6e6766Fbc35c977f89535899D0411,74779,0xbc2d6E7c81E7f35473b3594031FCC4c519fD24Ad,0,0x7bf95038241ffc4399db57c907a193e7f3738dcf,1,269999990000000,10046658,142201,4944762,1743024275,0x953b6d1da424ed8ffe56134abd1a67689a6a8e1790a8ee76287209f7cbe0c6ab,NewSale
0xC0DEc165A5d6e6766Fbc35c977f89535899D0411,74893,0xbc2d6E7c81E7f35473b3594031FCC4c519fD24Ad,0,0x02fded18dc9724bb6d94401600a6206ba34923ef,1,249999990000000,9960000,142189,4944766,1743024283,0x4a80c1e514bcf43150111207c596b34ddf8b5fb47f5777fa2b8ac9ab733e9cfc,NewSale
0xFE26844847024D72F113BCA1CCeF258143335C3a,76162,0xbc2d6E7c81E7f35473b3594031FCC4c519fD24Ad,1,0xecf47e901c320c2e22a6e11d13cd9419ea94807e,1,250000000000000,10038647,135778,4944781,1743024313,0x1df05160d3a02f993160adb9e4b37aee438612105bbb82de83a7a7d58e70abaf,NewSale
0xC0DEc165A5d6e6766Fbc35c977f89535899D0411,74779,0xbc2d6E7c81E7f35473b3594031FCC4c519fD24Ad,0,0x8c1087da2d760b1affc5107accf70d19218d07df,1,269999990000000,10038647,142201,4944781,1743024313,0x6d775b343f069cb68e5c63230fc4665872f2302c6d356ea3ff050210f11c6ba5,NewSale
0xC0DEc165A5d6e6766Fbc35c977f89535899D0411,74893,0xbc2d6E7c81E7f35473b3594031FCC4c519fD24Ad,0,0x8c1087da2d760b1affc5107accf70d19218d07df,1,249999990000000,10090007,142201,4944805,1743024361,0xad1c946501c6f0ec320c6228356fe67a787015fd62633d9ce4d7bb2fdd655d89,NewSale
0xeF0Ef28b882d166B732d00A01Ea762B9CCd3FE44,76190,0xbc2d6E7c81E7f35473b3594031FCC4c519fD24Ad,1,0x7a7b07e003ceb15bd7b227481346b6a06b9e11fd,1,240000000000000,10107927,159277,4944814,1743024379,0x1889d72b32afadf4f86fe3d63ef7fe263759b9e744bc352e46995306aa46265b,NewSale
0xC0DEc165A5d6e6766Fbc35c977f89535899D0411,74777,0xbc2d6E7c81E7f35473b3594031FCC4c519fD24Ad,0,0xed93a4e89ad6c27318eab868aa1efd2eb97fa13f,1,259999990000000,10500154,142201,4944817,1743024385,0x682a2ca41930dbd3627f398a839a1671814c4dbcff050159872e447da3a4a722,NewSale
0xeF0Ef28b882d166B732d00A01Ea762B9CCd3FE44,76190,0xbc2d6E7c81E7f35473b3594031FCC4c519fD24Ad,1,0xed93a4e89ad6c27318eab868aa1efd2eb97fa13f,1,240000000000000,10299202,142177,4944841,1743024433,0x9afcddabed6568702b346a5b6080ee1d441fc05800409f672f5a029a5e726d00,NewSale
0x80fe121B69163E17bd4e9CC573652e29E48fa4ae,75968,0xbc2d6E7c81E7f35473b3594031FCC4c519fD24Ad,0,0x8a3f938b28a375f57b9ee8c1613d86141db46a09,1,20000000000000000000,14268635,161366,4944879,1743024509,0x00f9fa9dd7d9f3c6afc6abf0f6d5930ad681581bfe34a1964eec9eb5d7080848,NewSale
0x4606D34BfBA1A800424C7C6FF81d464195C9447D,76202,0x2Bf46D4497e98FbA2304B0d2453922FFf559Ea02,38,0xfad83a6d8a12260c57e36608701af98ea19686fb,1,27000000000000000000,10268635,186930,4944879,1743024509,0x86eb5814135bdd4a976d837b282ce911a2f5ae03c42c8e0a30729a3eddfc2d38,NewSale
0x7a7b07E003CEb15Bd7b227481346B6a06b9e11fd,76204,0xbc2d6E7c81E7f35473b3594031FCC4c519fD24Ad,1,0xf1d95420bdb8001a66204c38957107fc37a264f1,1,240112000000000,10304430,152866,4944899,1743024549,0x8cc7616d25d737842087d5720c465c496f468bc638b0e0335ff386c6218810f8,NewSale
0x6D695eF656EC909bf220D724b1d9f43A7Da012c3,76205,0xbc2d6E7c81E7f35473b3594031FCC4c519fD24Ad,1,0x81f0c4317aabbd5334d6f087a2cf5f6f45955c3d,1,240000000000000,10301009,157666,4944899,1743024549,0xffbf9369d7cf03ad04d9f770aea15a5a8c3c498df27e55d28463810ec945e528,NewSale
0xC0DEc165A5d6e6766Fbc35c977f89535899D0411,74786,0xbc2d6E7c81E7f35473b3594031FCC4c519fD24Ad,0,0x5bdb1d2f5961c27378ff56bfeccbd889dd446614,1,265000000000000,10506368,142189,4944934,1743024619,0x3b1ff7119425ea75a13b20d00cd16d1dc23cba278bd5d4d976dd3286132a1420,NewSale
0xeF0Ef28b882d166B732d00A01Ea762B9CCd3FE44,76190,0xbc2d6E7c81E7f35473b3594031FCC4c519fD24Ad,1,0x2cf3af75110edf06722c0012907a745363ec4bbd,1,240000000000000,10553498,142165,4944954,1743024659,0xa049670e20976f3845b54bd6f541df64a215c22a3d6b53ffe1250114f8ac649a,NewSale
0xeF0Ef28b882d166B732d00A01Ea762B9CCd3FE44,76190,0xbc2d6E7c81E7f35473b3594031FCC4c519fD24Ad,1,0x103f4262f5472cd6c6a5366c9597d22c44f08105,1,240000000000000,10450000,159277,4944955,1743024661,0x11035062b72d79cf03aa6ef0f8fb9aa6da56be7369d0c5a3e15d1c19440d23ac,NewSale
0x66907de460905CB2fc07d10e2c0031D610247684,76192,0x02e21A25F0038fa5BDEe9c0b77aC0c1E84d3d6f0,1788,0xbaa9672503be4067ccc6ebb08bee52af3e0b3b4c,1,25000000000000000000,10453485,161022,4944978,1743024707,0x2d7e08e9eab68c069815bb16a876f81fb156689b8ee71a0701a65fe5cff5813f,NewSale
0x7bf95038241fFc4399dB57c907A193E7f3738dcF,76195,0xbc2d6E7c81E7f35473b3594031FCC4c519fD24Ad,0,0x103f4262f5472cd6c6a5366c9597d22c44f08105,1,240000000000000,10530000,157666,4944981,1743024713,0xffa2ced2cd058df1289ee09a2fd47face39e29ca63adda5bee0e07bacb94b8fa,NewSale
0x7bf95038241fFc4399dB57c907A193E7f3738dcF,76198,0xbc2d6E7c81E7f35473b3594031FCC4c519fD24Ad,0,0x103f4262f5472cd6c6a5366c9597d22c44f08105,1,240000000000000,10500000,140566,4944998,1743024747,0x9e81c6b022b2cc417fa7a090c84f205b636003639982b8de8e2b9e233a46181c,NewSale
0x66907de460905CB2fc07d10e2c0031D610247684,76199,0x02e21A25F0038fa5BDEe9c0b77aC0c1E84d3d6f0,1791,0x4606d34bfba1a800424c7c6ff81d464195c9447d,1,25000000000000000000,10500000,178110,4945014,1743024779,0x8ff3a17f93a525660b23c91d5d83c73cf5d399290cb78c9f58b4f04c5e8102bd,NewSale
0x7bf95038241fFc4399dB57c907A193E7f3738dcF,76208,0xbc2d6E7c81E7f35473b3594031FCC4c519fD24Ad,1,0x2cf3af75110edf06722c0012907a745363ec4bbd,1,230000000000000,10572019,140566,4945015,1743024781,0xb13863c13c9749c9474faaef4002374f3c904f3421973e707c199cd3c8d2eb00,NewSale
0xeb418E53EFcDc351137C9A81c70967b8D7063f4C,74128,0x7e5F161dd824d98AC3474eBf550716d0cb83E8C6,0,0x1f233153ce6e8a579edb0080cc831cc73e1d0d63,1,500000000000000,10567824,164771,4945030,1743024811,0xb7d66224f46dbe6ffaf474a10fdec0944d24d051054b0199f92d989816a685d8,NewSale
0xeF0Ef28b882d166B732d00A01Ea762B9CCd3FE44,76190,0xbc2d6E7c81E7f35473b3594031FCC4c519fD24Ad,1,0x2cf3af75110edf06722c0012907a745363ec4bbd,1,240000000000000,10529118,142165,4945033,1743024817,0x4930a68339f6db2fed5ee7a86785d817236420f3501a4a0b9444a58cfc860aa9,NewSale
0xeF0Ef28b882d166B732d00A01Ea762B9CCd3FE44,76190,0xbc2d6E7c81E7f35473b3594031FCC4c519fD24Ad,1,0x2cf3af75110edf06722c0012907a745363ec4bbd,1,240000000000000,10525961,142165,4945052,1743024855,0x14f441b7ec1e65b690a312e3ca81da57687d787cfb982091106cb835824c5f6f,NewSale
0x6D695eF656EC909bf220D724b1d9f43A7Da012c3,76213,0xbc2d6E7c81E7f35473b3594031FCC4c519fD24Ad,1,0xfad83a6d8a12260c57e36608701af98ea19686fb,1,241000000000000,10333670,140578,4945084,1743024919,0x30a428ce5fdbaaf49bf7141defe72568c152d91e5615009814ef7857dfb7e7f3,NewSale
0x5e1181BCD127784F48A5c814c1e2d79d318A0fcd,76100,0xdc0F91C5a4D200FfC21658901c77c0fE1A14d199,0,0x93ff7bd6383139da76f49d0a23d8897af0ba351d,1,600000000000000,10410000,150183,4945086,1743024923,0xa5ddb71498738453fe03946566ebf6a08fdd6e63cdce4b0bb4c72580f73aceb3,NewSale
0xeF0Ef28b882d166B732d00A01Ea762B9CCd3FE44,76190,0xbc2d6E7c81E7f35473b3594031FCC4c519fD24Ad,1,0x108f20d2186bbfeffce45499bef4e5cbec2c050c,1,240000000000000,10445330,159277,4945090,1743024931,0xea29fc77398f38b0402a5ab41c24c32daa62c144268c25fde39496e7e2db5276,NewSale
0x6D695eF656EC909bf220D724b1d9f43A7Da012c3,76196,0xbc2d6E7c81E7f35473b3594031FCC4c519fD24Ad,0,0x108f20d2186bbfeffce45499bef4e5cbec2c050c,1,240000000000000,10419428,140566,4945101,1743024953,0xead8875ea6cc578cfac5ebecbb625870bd70b7d1bace89b1546769829d683178,NewSale
0x66907de460905CB2fc07d10e2c0031D610247684,76176,0x02e21A25F0038fa5BDEe9c0b77aC0c1E84d3d6f0,1642,0x5bdb1d2f5961c27378ff56bfeccbd889dd446614,1,800000,10425540,166305,4945108,1743024967,0xf8d0230791d0a31dc40d8a6de7eb811e42328d15ceb6991c6eba8ea9b874e011,NewSale
0x6D695eF656EC909bf220D724b1d9f43A7Da012c3,76209,0xbc2d6E7c81E7f35473b3594031FCC4c519fD24Ad,0,0x108f20d2186bbfeffce45499bef4e5cbec2c050c,1,240000000000000,10476954,140566,4945118,1743024987,0xeafadadda3b3b8c589c608ec13165bb7f1aa39fa85d8586aa90e2187aca1aed9,NewSale
0x7bf95038241fFc4399dB57c907A193E7f3738dcF,76207,0xbc2d6E7c81E7f35473b3594031FCC4c519fD24Ad,0,0x103f4262f5472cd6c6a5366c9597d22c44f08105,1,240000000000000,10380000,140566,4945128,1743025007,0x63dd505d9cf850c1e1499077a1dea6aede0b19ec8b40effe62270fc6e579befb,NewSale
0x7bf95038241fFc4399dB57c907A193E7f3738dcF,76201,0xbc2d6E7c81E7f35473b3594031FCC4c519fD24Ad,0,0x108f20d2186bbfeffce45499bef4e5cbec2c050c,1,240000000000000,10275001,135766,4945199,1743025149,0x5524e828a4c73fa0295ab46888f96f979ca8437d8b0037da99189d39f4bdcce1,NewSale
0xf1d95420bDb8001A66204C38957107FC37a264f1,76211,0xbc2d6E7c81E7f35473b3594031FCC4c519fD24Ad,1,0xfad83a6d8a12260c57e36608701af98ea19686fb,1,243100000000000,10177196,135778,4945204,1743025159,0x8d8eb637ff5a699d4b9f86867508be2afc3054e2402740b4d8ef39804a5a53dd,NewSale
0x7bf95038241fFc4399dB57c907A193E7f3738dcF,76210,0xbc2d6E7c81E7f35473b3594031FCC4c519fD24Ad,1,0x103f4262f5472cd6c6a5366c9597d22c44f08105,1,240000000000000,10210000,135766,4945219,1743025189,0x150fcd491900c75a373ca1b2725c691a1b2ea7293ef3884632f2c776fd836229,NewSale
0xeF0Ef28b882d166B732d00A01Ea762B9CCd3FE44,76190,0xbc2d6E7c81E7f35473b3594031FCC4c519fD24Ad,1,0x4675b62495b01c2c28e919e3273a0b69c372ea11,1,240000000000000,10200000,159277,4945232,1743025215,0xe2c2cec1e7326298c164fa0104ed6e7f230a980bd35e36ac17c7c7db65b9f9ec,NewSale
0xeF0Ef28b882d166B732d00A01Ea762B9CCd3FE44,76190,0xbc2d6E7c81E7f35473b3594031FCC4c519fD24Ad,1,0x103f4262f5472cd6c6a5366c9597d22c44f08105,1,240000000000000,10200000,142177,4945233,1743025217,0x78ac125850d8d523572721a8eba9e3db324602f8de01023247b6a16dc174f207,NewSale
0x6c54Ba7B47083F274a56d2223cb04FF497542C81,74689,0xbc2d6E7c81E7f35473b3594031FCC4c519fD24Ad,1,0x4675b62495b01c2c28e919e3273a0b69c372ea11,1,280000000000000,10140000,135778,4945242,1743025235,0xff9611984e0068553e63f435c89dc035e5f18d4facc6526d37de7da915f33b55,NewSale
0xE91553cB437Af903562FE52405efA2456ce64401,76220,0xbc2d6E7c81E7f35473b3594031FCC4c519fD24Ad,1,0x4675b62495b01c2c28e919e3273a0b69c372ea11,1,250000000000000,10120000,135778,4945255,1743025261,0xeadd473e981a4b67063bf16742a311303e2e07050ebfb6b58ee9c94c06319366,NewSale
0xeF0Ef28b882d166B732d00A01Ea762B9CCd3FE44,76190,0xbc2d6E7c81E7f35473b3594031FCC4c519fD24Ad,1,0x4675b62495b01c2c28e919e3273a0b69c372ea11,1,240000000000000,10090000,135766,4945266,1743025283,0x4e91d42727846a85a322b5d286a4cabe2120fbdfba5fdfd60ee8f9c21896216c,NewSale
0x99d0c72c46bc5614eE3a91EC794Bef8c3DB8bc13,76217,0xbc2d6E7c81E7f35473b3594031FCC4c519fD24Ad,1,0x4675b62495b01c2c28e919e3273a0b69c372ea11,1,250000000000000,10060000,135778,4945278,1743025307,0xf1f10fbf53e6ba038c40428cbe1bd71c44eae61940e45252cdef30ad4d80fcac,NewSale
0xC0DEc165A5d6e6766Fbc35c977f89535899D0411,74779,0xbc2d6E7c81E7f35473b3594031FCC4c519fD24Ad,0,0x103f4262f5472cd6c6a5366c9597d22c44f08105,1,269999990000000,10050000,142201,4945288,1743025327,0xb988b1b89e9435f1a0cb62147544a5c9ae1affc2a1aca6e52b58f3fa3a7bbfd7,NewSale
0x02FdED18dc9724BB6D94401600A6206Ba34923ef,76219,0xbc2d6E7c81E7f35473b3594031FCC4c519fD24Ad,0,0xbe75f80fd206efe39193d7daee82662b32525fdd,1,312300000000000,10014924,140590,4945296,1743025343,0x1704b4393a99bfc79b520d73a987f683f88984730ec0c9d6088772cc6fcf6aa0,NewSale
0x6D695eF656EC909bf220D724b1d9f43A7Da012c3,76214,0xbc2d6E7c81E7f35473b3594031FCC4c519fD24Ad,0,0x103f4262f5472cd6c6a5366c9597d22c44f08105,1,242000000000000,9960000,140578,4945305,1743025361,0x314628286d18d384a2b2eb27d33d52232b6cadaa0a9763cdcaa329a308932532,NewSale
0x66907de460905CB2fc07d10e2c0031D610247684,76203,0x02e21A25F0038fa5BDEe9c0b77aC0c1E84d3d6f0,1945,0x81f0c4317aabbd5334d6f087a2cf5f6f45955c3d,1,25000000000000000000,9848026,178122,4945347,1743025445,0xb19bcea33a4bc50b3252138b93818b937bed55c5a8aef83acf5add8d1bb5d799,NewSale
0x108f20D2186BbfeffCe45499BEF4E5CbEc2c050c,76221,0xbc2d6E7c81E7f35473b3594031FCC4c519fD24Ad,0,0x1f233153ce6e8a579edb0080cc831cc73e1d0d63,1,240000000000000,9902078,140554,4945359,1743025469,0x30f1f777dde475ac354110db1791653373ce638c83aa36208886ea63b0c1fd50,NewSale
0x2Cf3af75110eDf06722c0012907A745363EC4bBD,76189,0xEB255E4669Da7FeEf1F746a5a778b4e08b65a1A7,0,0xbe75f80fd206efe39193d7daee82662b32525fdd,1,200000000000000,9779469,145371,4945416,1743025583,0x4fe8a7053ef8fa96adc8a15384fa5afb7492103a05adafe8ce974ac0014f3582,NewSale
0x30abf69A09Ea593C17061cAD2e49D595bbd85612,76216,0xbc2d6E7c81E7f35473b3594031FCC4c519fD24Ad,1,0x1f233153ce6e8a579edb0080cc831cc73e1d0d63,1,250000000000000,9771257,152866,4945417,1743025585,0x6b35932065335388c008c054911b1ba5c6092c18c22349ef001dc6860dd77bbd,NewSale
0x5e1181BCD127784F48A5c814c1e2d79d318A0fcd,76130,0xdc0F91C5a4D200FfC21658901c77c0fE1A14d199,0,0xd98d332fca7bcd3c1e475ce44b3e53475cf61f21,1,600000000000000,9807486,150183,4945444,1743025639,0xffadad386f945175acf4ee870af9b756334013f6d3a5499a8602128d9b0e6a84,NewSale
0x993C7334e933D6c4852E5F4A4D5F2792Ee9b65B2,76229,0xbc2d6E7c81E7f35473b3594031FCC4c519fD24Ad,1,0xc14f4b7d7ed84ffa6203886c0429028e16ceff00,1,250000000000000,9741727,152866,4945457,1743025665,0xa493abd24f10deba0bf3f95ba1b987d4d5c8bf9cc242be5ef96ba7e284d1c700,NewSale
0xC0DEc165A5d6e6766Fbc35c977f89535899D0411,74893,0xbc2d6E7c81E7f35473b3594031FCC4c519fD24Ad,0,0xc14f4b7d7ed84ffa6203886c0429028e16ceff00,1,249999990000000,9705448,142189,4945469,1743025689,0x3e6092f9283bc89fe9c55141619fa0931cbb0f4cf367c532baf52d0e4f446484,NewSale
0x108f20D2186BbfeffCe45499BEF4E5CbEc2c050c,76226,0xbc2d6E7c81E7f35473b3594031FCC4c519fD24Ad,0,0xf1d95420bdb8001a66204c38957107fc37a264f1,1,240000000000000,9881443,157654,4945475,1743025701,0x15c20205c851b7c30ff354f0bbde07c4477816f00e7952192e6210c7b91250b6,NewSale
0x108f20D2186BbfeffCe45499BEF4E5CbEc2c050c,76233,0xbc2d6E7c81E7f35473b3594031FCC4c519fD24Ad,0,0xc14f4b7d7ed84ffa6203886c0429028e16ceff00,1,240000000000000,9622553,140554,4945480,1743025711,0x11c24fcab6fe6428d7e4b8a3e41ee9e96a4eea711e28e0853cbed17c9b9f5527,NewSale
0xC0DEc165A5d6e6766Fbc35c977f89535899D0411,74893,0xbc2d6E7c81E7f35473b3594031FCC4c519fD24Ad,0,0xc14f4b7d7ed84ffa6203886c0429028e16ceff00,1,249999990000000,9507593,142189,4945494,1743025739,0x9381a1a0f1e88b056412e4e820fbf7e7e6afca480e829e2bd62dd8beb081b98b,NewSale
0x108f20D2186BbfeffCe45499BEF4E5CbEc2c050c,76231,0xbc2d6E7c81E7f35473b3594031FCC4c519fD24Ad,0,0xc14f4b7d7ed84ffa6203886c0429028e16ceff00,1,240000000000000,9433886,135754,4945510,1743025771,0x89d6abe2ca114b799bcec0c1c6ea35ba2ef612d8249a5e05dd12541c9e75e41c,NewSale
0x108f20D2186BbfeffCe45499BEF4E5CbEc2c050c,76234,0xbc2d6E7c81E7f35473b3594031FCC4c519fD24Ad,1,0xc14f4b7d7ed84ffa6203886c0429028e16ceff00,1,240000000000000,9369209,135754,4945522,1743025795,0xef0be14cf18897d41358ce5aa8fd9e420b82908d6b99c85202b1feb91107dae1,NewSale
0xC0DEc165A5d6e6766Fbc35c977f89535899D0411,74893,0xbc2d6E7c81E7f35473b3594031FCC4c519fD24Ad,0,0xc2d79ce15ed40cdb5013d5a6ffb75a2472ed2e09,1,249999990000000,9784694,142201,4945559,1743025869,0xb0df7d182ae3d0c6134f2b646ef884a41f721a503a929d13ac1bca948ee2fcf3,NewSale
0x13da30997B2dfF7d99b820e6a8fc371080577520,75533,0xF4527A094c80C7eD9039Ed485d1AAb914b074A49,0,0x1f233153ce6e8a579edb0080cc831cc73e1d0d63,1,500000000000000,9335889,145371,4945585,1743025921,0x2b7b7d57a58b6153b7ded95c54bbfd1c36500c4193eb87c43466a2331f0568d9,NewSale
0xdDEE7338E62BE267aA970233733Ba2A3c802Ed50,75105,0xbc2d6E7c81E7f35473b3594031FCC4c519fD24Ad,0,0x751558f4d5e6ac4d44894e701ca468a2f98512de,1,271000000000000,9222288,135778,4945588,1743025927,0x80dbb64c20dd85e618653e62779b6ae7291fffd0343c3849ca8c57bfb169e541,NewSale
0x5e1181BCD127784F48A5c814c1e2d79d318A0fcd,76098,0xdc0F91C5a4D200FfC21658901c77c0fE1A14d199,0,0x5257a767986f98d73995281c052872a097a0c43c,1,622200000000000,9230000,145383,4945610,1743025971,0x1e0f5efad694b8c2ead852a526fbe1797038b7a1f9bff1588308f2ebbeeade30,NewSale
0x5DF132086061Ad47a285bD940A05593cE4a4335c,76222,0xbc2d6E7c81E7f35473b3594031FCC4c519fD24Ad,1,0xd603250b40a29c9e63fc6f7164acfad46279b84f,1,250000000000000,17386641,135778,4945631,1743026013,0xa587e0869b488bb305d4ef5845b09d4130d490f9df8cca5426f00a3beca44475,NewSale
0xf1d95420bDb8001A66204C38957107FC37a264f1,76235,0xbc2d6E7c81E7f35473b3594031FCC4c519fD24Ad,0,0x7a7b07e003ceb15bd7b227481346b6a06b9e11fd,1,240333000000000,17385246,152878,4945637,1743026025,0x38627db1a8d88cc1d449e744c605105df6cfb6ec0686b6967b7010be021a888f,NewSale
0xcC7f09F1c9d79439a0fbf0FEF6B63FF068Ec809b,76050,0xdc0F91C5a4D200FfC21658901c77c0fE1A14d199,0,0xfad83a6d8a12260c57e36608701af98ea19686fb,1,632000000000000,9094220,145383,4945661,1743026073,0x3b2f9b7fd1a88117bcf52a0003b2cb668362a4850ecc1544537683bc6921418b,NewSale
0xeb418E53EFcDc351137C9A81c70967b8D7063f4C,74237,0x7e5F161dd824d98AC3474eBf550716d0cb83E8C6,0,0x1f233153ce6e8a579edb0080cc831cc73e1d0d63,1,500000000000000,9052807,147671,4945681,1743026113,0xaed577945e5d86ea88e6ce1a5b798f191b990d669a132c5d77f90b1014d42141,NewSale
0xC14F4B7d7ED84ffa6203886c0429028e16cEFF00,76238,0xbc2d6E7c81E7f35473b3594031FCC4c519fD24Ad,1,0xdfcc2055b54ffef2b7177f089c831b9ed2060735,1,240000000000000,8955824,157666,4945684,1743026119,0xfd85e913dc1273ba1a5c46d7cd823d741c75cd697001cc5b957ef21a91714ff4,NewSale
0xC0DEc165A5d6e6766Fbc35c977f89535899D0411,74893,0xbc2d6E7c81E7f35473b3594031FCC4c519fD24Ad,0,0xc2d79ce15ed40cdb5013d5a6ffb75a2472ed2e09,1,249999990000000,9360225,142201,4945694,1743026139,0xcd0906129d02e1390c45b0a0281699362958f352720de35f2c005ed375ae1184,NewSale
0x7a7b07E003CEb15Bd7b227481346B6a06b9e11fd,76249,0xbc2d6E7c81E7f35473b3594031FCC4c519fD24Ad,0,0xf1d95420bdb8001a66204c38957107fc37a264f1,1,241010000000000,9366553,152866,4945698,1743026147,0x22f142af127f0aa1b697f6fb7badd54c50f200a4810a5837a53392e97c387312,NewSale
0x4675b62495b01C2c28E919e3273a0B69C372Ea11,76230,0xbc2d6E7c81E7f35473b3594031FCC4c519fD24Ad,1,0xd603250b40a29c9e63fc6f7164acfad46279b84f,1,300000000000000,16757757,140590,4945700,1743026151,0xc356eae19383691ed8672bee2c5c219c2358e95a23efbe9499b444b4e696e360,NewSale
0x1b69582EA3F507Df7d723c66Eb0283fF2312A228,75880,0xdc0F91C5a4D200FfC21658901c77c0fE1A14d199,0,0xed93a4e89ad6c27318eab868aa1efd2eb97fa13f,1,640000000000000,9304911,162471,4945712,1743026175,0x9f56be39aef86a7c97abc865f7a44674ecf5696c8f583539138c46d5f38dd2ca,NewSale
0xB92a41b25A8DD959f8a2AFDa7C4714499b0551cF,75998,0xdc0F91C5a4D200FfC21658901c77c0fE1A14d199,0,0x2e7699a42488e20ff5df09f60c65d3808a69e0d8,1,640000000000000,9078930,150171,4945747,1743026245,0x2072643919e847f707cdac10a21ee2e66125ddfe780d4c8280abdded7e2a66b4,NewSale
0xC14F4B7d7ED84ffa6203886c0429028e16cEFF00,76242,0xbc2d6E7c81E7f35473b3594031FCC4c519fD24Ad,1,0x7a7b07e003ceb15bd7b227481346b6a06b9e11fd,1,202400000000000,9078930,152878,4945747,1743026245,0xb1767710c4a80cb13a73ed8f53f90e43167180aff19bf68ae5f229380d9bd69c,NewSale
0x8ae507f1744ad3a14B262Bd6cE0e189C5d9B21bd,76256,0xbc2d6E7c81E7f35473b3594031FCC4c519fD24Ad,0,0xdfcc2055b54ffef2b7177f089c831b9ed2060735,1,213000000000000,8590411,140578,4945751,1743026253,0xb3539ef269a5f2a757dea190c6da7b5631c534f3ce5cb41cbcf67e852da5da60,NewSale
0x0CE86bc21DC24ca655f9cAd9869fDB8D94a0F273,76254,0xbc2d6E7c81E7f35473b3594031FCC4c519fD24Ad,1,0xdfcc2055b54ffef2b7177f089c831b9ed2060735,1,250000000000000,8369637,135778,4945800,1743026351,0x56618c1ef5480251641241ca6084efed33728902efb48f78831b182be061e2a0,NewSale
0xC14F4B7d7ED84ffa6203886c0429028e16cEFF00,76250,0xbc2d6E7c81E7f35473b3594031FCC4c519fD24Ad,0,0x2a39fd94e139952c3958e69172ba918d8f533571,1,240000000000000,8800000,140566,4945817,1743026385,0xb5a874432476149f913a92376c0a9db7f69f8d4d084e8be683d3c8429a28110c,NewSale
0xC14F4B7d7ED84ffa6203886c0429028e16cEFF00,76251,0xbc2d6E7c81E7f35473b3594031FCC4c519fD24Ad,0,0x2a39fd94e139952c3958e69172ba918d8f533571,1,240000000000000,8400000,140566,4945826,1743026403,0xddc44e136869bf652043770f8d3149fb6678506b55f1fc6e046320426597c8cb,NewSale
0xC14F4B7d7ED84ffa6203886c0429028e16cEFF00,76263,0xbc2d6E7c81E7f35473b3594031FCC4c519fD24Ad,0,0x2a39fd94e139952c3958e69172ba918d8f533571,1,240000000000000,8300000,140566,4945836,1743026423,0xe797aa455795dfaad12f25b0a52a9701043f6e8960e3040b64d20bbd35bc13a8,NewSale
0x7a7b07E003CEb15Bd7b227481346B6a06b9e11fd,76267,0xbc2d6E7c81E7f35473b3594031FCC4c519fD24Ad,1,0x2a39fd94e139952c3958e69172ba918d8f533571,1,240010000000000,8260000,152878,4945847,1743026445,0xa4009a4d54c487249ae61e4d6d6a28e74cb9160e3bd69720b3d0412ae0be35ab,NewSale
0x1CbB547F790fB46581065291a57B51c12Dfb1e40,76252,0xdc0F91C5a4D200FfC21658901c77c0fE1A14d199,0,0x9054d405e55dc35621d550003a0e23bfc3f063cb,1,629000000000000,8190000,167271,4945854,1743026459,0x2f80e34e9ff40e308b627fbc75f3b1fd11841252f5c1ce142121f52b95af1c25,NewSale
0x625b494426E300a2e05BdF4E0b088AACe3b4681b,76247,0xbc2d6E7c81E7f35473b3594031FCC4c519fD24Ad,1,0xdfcc2055b54ffef2b7177f089c831b9ed2060735,1,250000000000000,8116065,135778,4945855,1743026461,0xba556a4449fcaf69004ef99a17cb7bc56c5a86703519ddcd8574e4782223841d,NewSale
0xC0DEc165A5d6e6766Fbc35c977f89535899D0411,74893,0xbc2d6E7c81E7f35473b3594031FCC4c519fD24Ad,0,0x2a39fd94e139952c3958e69172ba918d8f533571,1,249999990000000,8250000,142201,4945856,1743026463,0x960dcb3c98d1d261852cd6cde835e4458b4af9bb98892bb3b5830479d847c9cd,NewSale
0x51Fe2545694BBeFC49ff7202667F09f87585ec89,76237,0xbc2d6E7c81E7f35473b3594031FCC4c519fD24Ad,1,0x103f4262f5472cd6c6a5366c9597d22c44f08105,1,250000000000000,8190000,135778,4945864,1743026479,0xfc2db9b90d68e9a5d3f29769da4ffa30b0b3d80edd164dfda6e3c1a2c3f820d3,NewSale
0xC0DEc165A5d6e6766Fbc35c977f89535899D0411,74893,0xbc2d6E7c81E7f35473b3594031FCC4c519fD24Ad,0,0x2a39fd94e139952c3958e69172ba918d8f533571,1,249999990000000,11740000,142201,4945867,1743026485,0x84f35988132baecb2455046a6735830147f20d52868ae3e86a6f1d3978d28135,NewSale
0x5a08eA1dcACA98fa8CF2CB68fC39FA0e764983Db,76273,0xbc2d6E7c81E7f35473b3594031FCC4c519fD24Ad,1,0x1518ab2ddf1747f04bac306d15d23f79d8de270a,1,5000000000000000000,8129760,175743,4945875,1743026501,0xa3cdf656137cd5e23323127a704fe893012d47625b4aea5e9a30887b5037586f,NewSale
0xC0DEc165A5d6e6766Fbc35c977f89535899D0411,74893,0xbc2d6E7c81E7f35473b3594031FCC4c519fD24Ad,0,0x2a39fd94e139952c3958e69172ba918d8f533571,1,249999990000000,8520000,142201,4945878,1743026507,0xcc5d0fa8ddbeb0e858c56ec789a4dafbe6fb3a5ef32ea48f9fba20ffe726ee74,NewSale
0xC0DEc165A5d6e6766Fbc35c977f89535899D0411,74777,0xbc2d6E7c81E7f35473b3594031FCC4c519fD24Ad,0,0x103f4262f5472cd6c6a5366c9597d22c44f08105,1,259999990000000,8090000,142201,4945884,1743026519,0xa5ccf57b651825f78c372c6c2b9e985da6b3f96f74339d8e8ee828eca0962272,NewSale
0xC0DEc165A5d6e6766Fbc35c977f89535899D0411,74893,0xbc2d6E7c81E7f35473b3594031FCC4c519fD24Ad,0,0x2a39fd94e139952c3958e69172ba918d8f533571,1,249999990000000,8460000,142201,4945888,1743026527,0x759a2ea8fc67b9b41cfef5354b588607469dbc88641a7659e85f6f64b7cc5ac8,NewSale
0xC0DEc165A5d6e6766Fbc35c977f89535899D0411,74893,0xbc2d6E7c81E7f35473b3594031FCC4c519fD24Ad,0,0x2a39fd94e139952c3958e69172ba918d8f533571,1,249999990000000,9600000,142201,4945897,1743026545,0xa617abfa90c6df76ffdbc8a8ec6464db7b3922e4ca69816a44c66cca2e79614c,NewSale
0xC0DEc165A5d6e6766Fbc35c977f89535899D0411,74893,0xbc2d6E7c81E7f35473b3594031FCC4c519fD24Ad,0,0x2a39fd94e139952c3958e69172ba918d8f533571,1,249999990000000,9610000,142201,4945905,1743026561,0x20a2afd2ebbbf53bff19a9f7360c68e4707b4d2e2c6f5749c8000b7f93d0c6b2,NewSale
0x1CbB547F790fB46581065291a57B51c12Dfb1e40,76253,0xdc0F91C5a4D200FfC21658901c77c0fE1A14d199,0,0x9054d405e55dc35621d550003a0e23bfc3f063cb,1,629000000000000,8010000,150171,4945907,1743026565,0xa5fefcb112f3a07a93511dc704d4eb40fc102450252ec9a843f74a2bb6ff4c20,NewSale
0xC0DEc165A5d6e6766Fbc35c977f89535899D0411,74893,0xbc2d6E7c81E7f35473b3594031FCC4c519fD24Ad,0,0xf1d95420bdb8001a66204c38957107fc37a264f1,1,249999990000000,11446267,142189,4945926,1743026603,0xde81d61ff198ce334a0c15a8a46cda6594be6b80ffc1ec201be58be15a7e929c,NewSale
0x1CbB547F790fB46581065291a57B51c12Dfb1e40,76255,0xdc0F91C5a4D200FfC21658901c77c0fE1A14d199,0,0x9054d405e55dc35621d550003a0e23bfc3f063cb,1,629000000000000,7950000,150171,4945930,1743026611,0x0e79b80fd5ce085a61a22e5f4c15c5fb45d47624e0630674406102b045486a44,NewSale
0xC0DEc165A5d6e6766Fbc35c977f89535899D0411,74893,0xbc2d6E7c81E7f35473b3594031FCC4c519fD24Ad,0,0xd74e4ef1b2ed751162bb6ce4ae35978af4003553,1,249999990000000,67955804,142189,4945945,1743026641,0x81b8c4d6cd39605647a73d918e8e90fa88b224ceab146f2ed8efa6b8a1682b14,NewSale
0x1CbB547F790fB46581065291a57B51c12Dfb1e40,76260,0xdc0F91C5a4D200FfC21658901c77c0fE1A14d199,0,0x9054d405e55dc35621d550003a0e23bfc3f063cb,1,629000000000000,7890000,150171,4945951,1743026653,0xdabf1ea002a4c3e4de1848bbb96a0002b2cf14787b3d6b11ac203d82aead6a27,NewSale
0x1CbB547F790fB46581065291a57B51c12Dfb1e40,76261,0xdc0F91C5a4D200FfC21658901c77c0fE1A14d199,0,0x9054d405e55dc35621d550003a0e23bfc3f063cb,1,629000000000000,7780000,145371,4945968,1743026687,0x991242024204ed386971efd547536cd9b9a2c954a7e3b6d007711c1796b215dd,NewSale
0xC0DEc165A5d6e6766Fbc35c977f89535899D0411,74893,0xbc2d6E7c81E7f35473b3594031FCC4c519fD24Ad,0,0x6ce77c6eb239a8bcb4154ae4f0710148f3e3316c,1,249999990000000,11260530,159301,4945975,1743026701,0xf250471a33e3ba1af8685abaf887691f92d3e4a73c24fd9c38161a1c5e1285ee,NewSale
0xC0DEc165A5d6e6766Fbc35c977f89535899D0411,74893,0xbc2d6E7c81E7f35473b3594031FCC4c519fD24Ad,0,0xd74e4ef1b2ed751162bb6ce4ae35978af4003553,1,249999990000000,67955804,142189,4945976,1743026703,0x2b6be43197cd7095fc10749a9ae5491c75c0a5bc943b8733e79789ef95cbc2cf,NewSale
0xB92a41b25A8DD959f8a2AFDa7C4714499b0551cF,75992,0xdc0F91C5a4D200FfC21658901c77c0fE1A14d199,0,0x9054d405e55dc35621d550003a0e23bfc3f063cb,1,640000000000000,7710000,145359,4945985,1743026721,0xfcea45291a72f2751ee5312769d2f9ee4f353e7a99b5338601b152aee316a275,NewSale
0xC14F4B7d7ED84ffa6203886c0429028e16cEFF00,76276,0xbc2d6E7c81E7f35473b3594031FCC4c519fD24Ad,0,0xe9d3e16d975736c1955fc44a14b6ec9dfe3a2dc6,1,240000000000000,7698079,140566,4945990,1743026731,0x2675ff8557af9f91f1aa4877100c5e1d7697d994d9d16f29f945ae8a8d2c990a,NewSale
0xC0DEc165A5d6e6766Fbc35c977f89535899D0411,74893,0xbc2d6E7c81E7f35473b3594031FCC4c519fD24Ad,0,0xd74e4ef1b2ed751162bb6ce4ae35978af4003553,1,249999990000000,67955804,142189,4946008,1743026767,0xad660fd2e96dc55f74501700b05b7eeac86293764bf4dd094d198da61e06e186,NewSale
0x8ae507f1744ad3a14B262Bd6cE0e189C5d9B21bd,76259,0x02e21A25F0038fa5BDEe9c0b77aC0c1E84d3d6f0,890,0x46b705da2c286fe00b4cc0f33e086e10e52a5bec,1,213000000000000,7531574,155246,4946009,1743026769,0x5783cffa2a8b9904ec3a5df85964104018e9fe165205cb5432f1aba94effb474,NewSale
0xC0DEc165A5d6e6766Fbc35c977f89535899D0411,74893,0xbc2d6E7c81E7f35473b3594031FCC4c519fD24Ad,0,0xd74e4ef1b2ed751162bb6ce4ae35978af4003553,1,249999990000000,67955804,142189,4946071,1743026893,0xff2b74e032c3a0d6d908cfe66756a5cb20820557671bf00fe1b09ed6ac108b25,NewSale
0xC0DEc165A5d6e6766Fbc35c977f89535899D0411,74893,0xbc2d6E7c81E7f35473b3594031FCC4c519fD24Ad,0,0xd98d332fca7bcd3c1e475ce44b3e53475cf61f21,1,249999990000000,7370000,142201,4946076,1743026903,0xdaa4e385e8a5f8c7b46da011db96a78adb39beb362d3d76772c71c86a9a712cb,NewSale
0x2A39FD94E139952C3958E69172bA918D8f533571,76280,0xbc2d6E7c81E7f35473b3594031FCC4c519fD24Ad,1,0x7a7b07e003ceb15bd7b227481346b6a06b9e11fd,1,240000000000000,7800456,152866,4946083,1743026917,0x480cb7563c46e44b55a900978a585a444f295c06833e509a7c5a1e44544f88c6,NewSale
0xC14F4B7d7ED84ffa6203886c0429028e16cEFF00,76283,0xbc2d6E7c81E7f35473b3594031FCC4c519fD24Ad,0,0xd98d332fca7bcd3c1e475ce44b3e53475cf61f21,1,240000000000000,7320000,135766,4946090,1743026931,0x416e786989533e37bc1fc0de3149747fccce62a12967953aec0d7047731d78cc,NewSale
0x27537475ff52A11c4457aCF691A62954CeeF9564,76236,0xbc2d6E7c81E7f35473b3594031FCC4c519fD24Ad,1,0xd98d332fca7bcd3c1e475ce44b3e53475cf61f21,1,250000000000000,7290000,135778,4946103,1743026957,0x743cda5101ecd9ed1ebd6b2f7ea61508d16430ccf8c99accb7c7f7ca240f704a,NewSale
0x1D1Cb361cA7803e1715aC01D5E249b74ce8df571,76272,0xbc2d6E7c81E7f35473b3594031FCC4c519fD24Ad,1,0x17c4330ba577f2ead132998c4fe7ae942cec736a,1,250000000000000,7334218,152878,4946112,1743026975,0x6ae4801dbc2c104581127d5bef5b5df02aebd4bfef2f61c605ea7e13b7985465,NewSale
0x9cfc51Ae796a3587C000dE09A963d6B7329f2B76,76269,0xbc2d6E7c81E7f35473b3594031FCC4c519fD24Ad,1,0xdfcc2055b54ffef2b7177f089c831b9ed2060735,1,250000000000000,7248141,135778,4946113,1743026977,0x7725eba3632ee63755c34e6c491dc559122e51f79d346acd7da41a2b4dc0ef0f,NewSale
0x1A908b231B085A9AcC050F8beD2e6229e2D4be30,76262,0xbc2d6E7c81E7f35473b3594031FCC4c519fD24Ad,1,0xd98d332fca7bcd3c1e475ce44b3e53475cf61f21,1,250000000000000,7250000,135778,4946116,1743026983,0xcdc2e80903bc434b3b0c5f0b5e71a139cbe061b460575ce81e3429f76f84c00c,NewSale
0xC0DEc165A5d6e6766Fbc35c977f89535899D0411,74893,0xbc2d6E7c81E7f35473b3594031FCC4c519fD24Ad,0,0xd74e4ef1b2ed751162bb6ce4ae35978af4003553,1,249999990000000,67955804,142189,4946124,1743026999,0xf66e5fd142b8c7f0e5ecab94e2f1a4dd6fd22ce3542e79da41d3143dee294c3d,NewSale
0xfF7116560005A341F809Bb6405260bbb0f2a1B45,76187,0xbc2d6E7c81E7f35473b3594031FCC4c519fD24Ad,1,0x100256960586548d73703507bb33be538ae7a7bf,1,25010000000000000,7700763,152890,4946143,1743027037,0xebf1ef4c152467553b88186e587242c2744bf3bd3eca5998ee334eac7603ec9b,NewSale
0x7a7b07E003CEb15Bd7b227481346B6a06b9e11fd,76297,0xbc2d6E7c81E7f35473b3594031FCC4c519fD24Ad,1,0xdfcc2055b54ffef2b7177f089c831b9ed2060735,1,240100000000000,7188803,135778,4946152,1743027055,0x4729e84fa3e66c2f56cc251baea9177a27ae5662a8a6fd74dcd10e117208bdee,NewSale
0x7432318592AB130105EB1cB981F3dc3eaF2C8C57,76285,0xbc2d6E7c81E7f35473b3594031FCC4c519fD24Ad,1,0xdfcc2055b54ffef2b7177f089c831b9ed2060735,1,250000000000000,7148142,135778,4946183,1743027117,0x5af7b1b6dd18c91d6fe1462664522efd0b3fdb718dfb27944e79a3c770a18e13,NewSale
0xC0DEc165A5d6e6766Fbc35c977f89535899D0411,74893,0xbc2d6E7c81E7f35473b3594031FCC4c519fD24Ad,0,0x867fd342e64cbd325af06cbc27f370349e4ac01e,1,249999990000000,7626095,159301,4946195,1743027141,0xa4b04351c614fd424c6f327a710a7de4a2bda50dacc65b8b44e8c447e517a6af,NewSale
0x66A8cF54747B0EBc226600F5ace7c805082B3Bf2,76240,0xbc2d6E7c81E7f35473b3594031FCC4c519fD24Ad,1,0x867fd342e64cbd325af06cbc27f370349e4ac01e,1,250000000000000,7573381,152878,4946216,1743027183,0x384c1f90d2564002ea59aec6339b9a4a2a28cbea6ad1e773cc441557d00c8e08,NewSale
0x902F90dc07Ca69f0CCe6452916Da78f8C0b13b27,76277,0xbc2d6E7c81E7f35473b3594031FCC4c519fD24Ad,1,0xd98d332fca7bcd3c1e475ce44b3e53475cf61f21,1,250000000000000,7100000,135778,4946238,1743027227,0xf635100164211cc5d9806c664a9fffd4e7bb388dca462fa27f3240a2cdadd1de,NewSale
0xC0DEc165A5d6e6766Fbc35c977f89535899D0411,74893,0xbc2d6E7c81E7f35473b3594031FCC4c519fD24Ad,0,0x867fd342e64cbd325af06cbc27f370349e4ac01e,1,249999990000000,7582765,142201,4946245,1743027241,0xba84299a096e58e13cf38d5e7d75c1386b322ad5571ce0ebc9c910bbadb69ed8,NewSale
0xC0DEc165A5d6e6766Fbc35c977f89535899D0411,74893,0xbc2d6E7c81E7f35473b3594031FCC4c519fD24Ad,0,0x33ac4053ce984434d67ced375e5b8b8c03da2f7b,1,249999990000000,7185306,142201,4946248,1743027247,0x9d79e6fc49338bd541fc242ab8f5f592e22938a7b2ba2ffc5c8d5929b76a595d,NewSale
0xda88f3f4B78D2285BBa3844CBe900bF68618067b,76299,0xbc2d6E7c81E7f35473b3594031FCC4c519fD24Ad,1,0xd98d332fca7bcd3c1e475ce44b3e53475cf61f21,1,250000000000000,7090000,135778,4946251,1743027253,0x6a351129acee66c1c05e83f5e0d6d5fb30cd03ae033cc5a36693b603031bb8e4,NewSale
0x02FdED18dc9724BB6D94401600A6206Ba34923ef,76282,0xbc2d6E7c81E7f35473b3594031FCC4c519fD24Ad,0,0x1d3dfa884db03a06a79f5c83834fe65f7ddd10bf,1,300000000000000,7100000,135790,4946256,1743027263,0x9c48136485e19d87b60000b15254ccbeef4eca3a42626ca5a18ff70fb2fc011d,NewSale
0x913c1aD8531fc71fC21E17d0Db4480Fea83A5E60,76305,0xbc2d6E7c81E7f35473b3594031FCC4c519fD24Ad,1,0x33ac4053ce984434d67ced375e5b8b8c03da2f7b,1,250000000000000,7191928,152878,4946260,1743027271,0x7f77a123685fb32413878077e7b415d96a28cb88dddfa516d2e73b575a290762,NewSale
0xf1d95420bDb8001A66204C38957107FC37a264f1,76309,0xbc2d6E7c81E7f35473b3594031FCC4c519fD24Ad,0,0x33ac4053ce984434d67ced375e5b8b8c03da2f7b,1,240120000000000,7206349,140578,4946271,1743027293,0x59a9cfd76629c6165dc4e4739b62e42361741bef96fb6d78b1a0dfd6a7b67051,NewSale
0xeF0Ef28b882d166B732d00A01Ea762B9CCd3FE44,76307,0xbc2d6E7c81E7f35473b3594031FCC4c519fD24Ad,1,0x867fd342e64cbd325af06cbc27f370349e4ac01e,1,240000000000000,13172527,142177,4946274,1743027299,0x58c8684c6bf5f4c768fc597f6f2a2c2e6da90b8b55d699f3670073d5fef8d77f,NewSale
0x49C7dE65FBd50dd0A2D288DC115e64776f32b108,76294,0xbc2d6E7c81E7f35473b3594031FCC4c519fD24Ad,1,0xd98d332fca7bcd3c1e475ce44b3e53475cf61f21,1,250000000000000,7110000,135778,4946278,1743027307,0x9d57225839dfe824080215a53bc0de00741ef4439ef1459a24ea9d0adedc14ab,NewSale
0x374930968d56986587A21b2a54e5624e4ee6f28e,76310,0xbc2d6E7c81E7f35473b3594031FCC4c519fD24Ad,1,0x33ac4053ce984434d67ced375e5b8b8c03da2f7b,1,250000000000000,7173898,135778,4946283,1743027317,0xa116053987234cc3f0094736efc18cc2fbdb696c459b29de4a7eae8da117b105,NewSale
0xC0DEc165A5d6e6766Fbc35c977f89535899D0411,74893,0xbc2d6E7c81E7f35473b3594031FCC4c519fD24Ad,0,0x867fd342e64cbd325af06cbc27f370349e4ac01e,1,249999990000000,13181167,142201,4946286,1743027323,0xceb02898a78bd5bf1b96cfbd7f598874ed222fa355326ae1e4713491df4d36b7,NewSale
0xeF0Ef28b882d166B732d00A01Ea762B9CCd3FE44,76307,0xbc2d6E7c81E7f35473b3594031FCC4c519fD24Ad,1,0x33ac4053ce984434d67ced375e5b8b8c03da2f7b,1,240000000000000,7175604,142177,4946295,1743027341,0x690cb27f50d6124bd561b3214c26ed07079c9bd883d9a8b4c81e19b1e79e0898,NewSale
0xC0DEc165A5d6e6766Fbc35c977f89535899D0411,74893,0xbc2d6E7c81E7f35473b3594031FCC4c519fD24Ad,0,0x33ac4053ce984434d67ced375e5b8b8c03da2f7b,1,249999990000000,7202923,142201,4946306,1743027363,0x476957db83d977c414eaec316c7915e46da0e16ca9162644ae65782bd40602b1,NewSale
0xeF0Ef28b882d166B732d00A01Ea762B9CCd3FE44,76307,0xbc2d6E7c81E7f35473b3594031FCC4c519fD24Ad,1,0x867fd342e64cbd325af06cbc27f370349e4ac01e,1,240000000000000,13174466,142177,4946322,1743027395,0x4ab7ba47dac0fd512e523bac9218c876efee937fcd364e9d630fc725ab02de4e,NewSale
0xeF0Ef28b882d166B732d00A01Ea762B9CCd3FE44,76307,0xbc2d6E7c81E7f35473b3594031FCC4c519fD24Ad,1,0x867fd342e64cbd325af06cbc27f370349e4ac01e,1,240000000000000,13187817,142177,4946334,1743027419,0x9962cd1891ecccb90cae8dbcf21c14149751c4111b2fce133c9998aeb84f5ff3,NewSale
0xeF0Ef28b882d166B732d00A01Ea762B9CCd3FE44,76307,0xbc2d6E7c81E7f35473b3594031FCC4c519fD24Ad,1,0x867fd342e64cbd325af06cbc27f370349e4ac01e,1,240000000000000,13174332,142177,4946346,1743027443,0x0679ff4a63b8c6aba2b5de3ca6937a2746f577d9fde046ea19e46b92af2c16d8,NewSale
0xc2d79Ce15ED40cdB5013D5A6ffB75A2472Ed2E09,76319,0xbc2d6E7c81E7f35473b3594031FCC4c519fD24Ad,0,0x867fd342e64cbd325af06cbc27f370349e4ac01e,1,220000000000000,13083999,140578,4946365,1743027481,0x4c8f1e841d35404a0bea987cc0267afa37beadc202e4a8e1ead4b5b6e5ef826f,NewSale
0x8ae507f1744ad3a14B262Bd6cE0e189C5d9B21bd,76257,0x02e21A25F0038fa5BDEe9c0b77aC0c1E84d3d6f0,1170,0xe7e917abc77019a3df205d9220028af03f6e74b7,1,213000000000000,7208743,138146,4946382,1743027515,0x94e859f639b45aca72fc8eb39576fd0862ee30ba38bb28da6965f775d8dcac50,NewSale
0x86bB7A3Fac280460042A2fe62e6f8E4BB2b69139,74941,0xdc0F91C5a4D200FfC21658901c77c0fE1A14d199,0,0x6cb101c7c685fdb3cbd5f46e829e2669bc60acee,1,655000000000000,7111160,145383,4946385,1743027521,0x8cbca811e4ff55077ac369952e11bd0c1eff2e32b33b6aeb0b4ed5f3cb1bd644,NewSale
0xeF0Ef28b882d166B732d00A01Ea762B9CCd3FE44,76307,0xbc2d6E7c81E7f35473b3594031FCC4c519fD24Ad,1,0xdfcc2055b54ffef2b7177f089c831b9ed2060735,1,240000000000000,7124547,142177,4946396,1743027543,0xb9de1c3ec31e2a1d7012589efa3c58c90896451a9c84b2d3b8dc89552a3f7209,NewSale
0x2e205ebEa4B8e1d6Cdf8B808053780f76a0531Ca,76325,0xbc2d6E7c81E7f35473b3594031FCC4c519fD24Ad,1,0xa499490597d9b9a5fa2e478b5b9c07c83e97a199,1,16002000000000002000,7140000,199278,4946397,1743027545,0xe123807f690fcdaedcdc76d24559c2c5e2a6b0c27dbf938925a26feefbd26aee,NewSale
0x2e205ebEa4B8e1d6Cdf8B808053780f76a0531Ca,76325,0xbc2d6E7c81E7f35473b3594031FCC4c519fD24Ad,1,0xa499490597d9b9a5fa2e478b5b9c07c83e97a199,1,16002000000000002000,7190000,165078,4946412,1743027575,0x26060d978140fea2ec46ddcd3c44a5cc0aeef56daf5b3c001fa741f2de628cad,NewSale
0xeF0Ef28b882d166B732d00A01Ea762B9CCd3FE44,76307,0xbc2d6E7c81E7f35473b3594031FCC4c519fD24Ad,1,0xe9d3e16d975736c1955fc44a14b6ec9dfe3a2dc6,1,240000000000000,7200000,159277,4946427,1743027605,0xbb9af1482986dc27b045627257c94ffcec03fb5b704ceb382c399e9a48c77327,NewSale
0x02810B5Bf7c44214cfeA080dFe286821B42d0ACb,76322,0xbc2d6E7c81E7f35473b3594031FCC4c519fD24Ad,1,0xdfcc2055b54ffef2b7177f089c831b9ed2060735,1,250000000000000,7176438,135778,4946429,1743027609,0x97b55ee797124db0dc076530bd4426c158602e099034d802494d1a62e13e7695,NewSale
0xC0DEc165A5d6e6766Fbc35c977f89535899D0411,74777,0xbc2d6E7c81E7f35473b3594031FCC4c519fD24Ad,0,0xff69839179fa19f0e0514b608b4a700277ceaa85,1,259999990000000,7251882,159301,4946434,1743027619,0x9ec629e5ecd2456e6ca60dcd719dbb7af056d94f5f549771b4dd8e8710c26dd6,NewSale
0x7a1241496B17F02EA2e034aB9Fb1C154feB33373,76329,0xbc2d6E7c81E7f35473b3594031FCC4c519fD24Ad,1,0xc2d79ce15ed40cdb5013d5a6ffb75a2472ed2e09,1,250000000000000,13244852,152878,4946446,1743027643,0x509a09364df9d11ca4f4a2b9e86ccde67fd737e7b03e86b0ecafc6fb5aab4b09,NewSale
0x2e205ebEa4B8e1d6Cdf8B808053780f76a0531Ca,76325,0xbc2d6E7c81E7f35473b3594031FCC4c519fD24Ad,1,0xa499490597d9b9a5fa2e478b5b9c07c83e97a199,1,16002000000000002000,7170000,165078,4946448,1743027647,0x8d43fd02efdde7462db55b59f246087f2ef73829f9c5f040d95d8d91edfbd639,NewSale
0xe9878881408D92AC5Cb7C03Ee60f3A4154350A83,76316,0xbc2d6E7c81E7f35473b3594031FCC4c519fD24Ad,1,0xe9d3e16d975736c1955fc44a14b6ec9dfe3a2dc6,1,250000000000000,7120000,135778,4946462,1743027675,0x46e83bf6a5b720ad3b0b0e30039fdbfdc769d1956cc32768b402b98988faabb0,NewSale
0x2e205ebEa4B8e1d6Cdf8B808053780f76a0531Ca,76325,0xbc2d6E7c81E7f35473b3594031FCC4c519fD24Ad,1,0xa499490597d9b9a5fa2e478b5b9c07c83e97a199,1,16002000000000002000,7120000,165078,4946464,1743027679,0xd74f743f7371aae6402be663d7ca81b954d0d916314d18512792d1ea91f2510d,NewSale
0xeF0Ef28b882d166B732d00A01Ea762B9CCd3FE44,76307,0xbc2d6E7c81E7f35473b3594031FCC4c519fD24Ad,1,0xdfcc2055b54ffef2b7177f089c831b9ed2060735,1,240000000000000,7089361,142177,4946465,1743027681,0x05fff5a34d646445236473ed09b0bceac390bfbd880dd021d5b85822f4372fed,NewSale
0xf1d95420bDb8001A66204C38957107FC37a264f1,76314,0xbc2d6E7c81E7f35473b3594031FCC4c519fD24Ad,0,0xfed71021ae86c9da2e4508ac44fdf610f24886e0,1,240010000000000,7173043,135778,4946467,1743027685,0x87c1ccaebff24764c4d6a6fef43a6d11c964a965652e3d71581512cf12666745,NewSale
0x4E2EABC06EF702B8D10F5eF0aAbb75a779b6335f,76334,0xbc2d6E7c81E7f35473b3594031FCC4c519fD24Ad,1,0x8cc66a9f1a11acc609ceee4419b09b58987c00d6,1,250000000000000,7110000,152866,4946471,1743027693,0x04674b504d14323a860775d7d61762ed34eb11ded35d2ebbf8c17849b160dd62,NewSale
0x2e205ebEa4B8e1d6Cdf8B808053780f76a0531Ca,76325,0xbc2d6E7c81E7f35473b3594031FCC4c519fD24Ad,1,0xa499490597d9b9a5fa2e478b5b9c07c83e97a199,1,16002000000000002000,7090000,165078,4946483,1743027717,0x80cde1d061233db9a5047bbefdbd96f96ffa26d8b219c7ad7cd98fa8e2a7da74,NewSale
0xE7e917AbC77019A3Df205d9220028Af03f6E74B7,76333,0x02e21A25F0038fa5BDEe9c0b77aC0c1E84d3d6f0,1170,0x8cc66a9f1a11acc609ceee4419b09b58987c00d6,1,300000000000000,7140000,155246,4946488,1743027727,0xc851f71786ad370260504888cd7fd365e26d743da838758074d99c59cf73ae26,NewSale
0x2e205ebEa4B8e1d6Cdf8B808053780f76a0531Ca,76325,0xbc2d6E7c81E7f35473b3594031FCC4c519fD24Ad,1,0xa499490597d9b9a5fa2e478b5b9c07c83e97a199,1,16002000000000002000,7130000,165078,4946498,1743027747,0xa255ffde1ea37f7d991d29a8729d6e320574a9d262b195819039b6dbe4571408,NewSale
0xc2d79Ce15ED40cdB5013D5A6ffB75A2472Ed2E09,76330,0xbc2d6E7c81E7f35473b3594031FCC4c519fD24Ad,0,0x8cc66a9f1a11acc609ceee4419b09b58987c00d6,1,220000000000000,7110000,157666,4946506,1743027763,0x4a0c30dd793f52c27bc3d98ff145f12ac1bc957fbff49c8349cc6509a8b583e7,NewSale
0x4F81E0B77E14DAA9f86627a47988b7ee2c4D8D59,76284,0xdc0F91C5a4D200FfC21658901c77c0fE1A14d199,0,0x0c77204c991201f45708b0f37214cf9964c507b2,1,659900000000000,7136669,150183,4946511,1743027773,0xd66d532e23c76a9251bdca204a5d4afacd7ca97e06cd7f6a92d52ab51873f371,NewSale
0x2e205ebEa4B8e1d6Cdf8B808053780f76a0531Ca,76325,0xbc2d6E7c81E7f35473b3594031FCC4c519fD24Ad,1,0xa499490597d9b9a5fa2e478b5b9c07c83e97a199,1,16002000000000002000,7090000,165078,4946515,1743027781,0xf27cb381af141e6989dc31f76979118e171b6d4c700c5983d3215c635c1b0e9f,NewSale
0x33ac4053Ce984434D67CEd375e5b8b8c03Da2f7B,76337,0xbc2d6E7c81E7f35473b3594031FCC4c519fD24Ad,1,0x97746acad994ce94367d705e9ba51b34c7747860,1,240000000000000,7040000,140566,4946522,1743027795,0x9d5db4d18ab0173bc580722702dd2e12cfe599621266031b23a34a3e57fc88a8,NewSale
0x2e205ebEa4B8e1d6Cdf8B808053780f76a0531Ca,76325,0xbc2d6E7c81E7f35473b3594031FCC4c519fD24Ad,1,0xa499490597d9b9a5fa2e478b5b9c07c83e97a199,1,16002000000000002000,7040000,165078,4946537,1743027825,0xb53e11da3acd9e93bd0a0326776fa0d9e872b55228c2003a8a802bccb4a08632,NewSale
0x33ac4053Ce984434D67CEd375e5b8b8c03Da2f7B,76332,0xbc2d6E7c81E7f35473b3594031FCC4c519fD24Ad,0,0x8cc66a9f1a11acc609ceee4419b09b58987c00d6,1,240000000000000,6990000,140554,4946548,1743027847,0xd06b04933498923c898c5fecde902a8ebd3a4e4a6e4606cb42ec83a446f7a22e,NewSale
0x2e205ebEa4B8e1d6Cdf8B808053780f76a0531Ca,76325,0xbc2d6E7c81E7f35473b3594031FCC4c519fD24Ad,1,0xa499490597d9b9a5fa2e478b5b9c07c83e97a199,1,16002000000000002000,6990000,165078,4946551,1743027853,0xb8f0e88112bdac8df7738549fce21fd6664900b67d428894b198343f0f49de0c,NewSale
0x80fe121B69163E17bd4e9CC573652e29E48fa4ae,72580,0xbc2d6E7c81E7f35473b3594031FCC4c519fD24Ad,0,0xae3ed39da68fcc1dcf0a3fce7f049198eaa962ee,1,20000000000000000000,6914763,182166,4946553,1743027857,0x9768811999b67201d5ea657a7020bfd9a30555f6a98e93a5ea3423524cc313e3,NewSale
0xeF0Ef28b882d166B732d00A01Ea762B9CCd3FE44,76307,0xbc2d6E7c81E7f35473b3594031FCC4c519fD24Ad,1,0xdc7a06752017a34e8534f3540e056de6a3a33053,1,240000000000000,7043693,159277,4946561,1743027873,0x42361c6da7a8482abee8bcfcf4c1a2592e09fceb366a98584bcc76758e69f679,NewSale
0x33ac4053Ce984434D67CEd375e5b8b8c03Da2f7B,76335,0xbc2d6E7c81E7f35473b3594031FCC4c519fD24Ad,0,0x8cc66a9f1a11acc609ceee4419b09b58987c00d6,1,240000000000000,6970000,140554,4946563,1743027877,0x85de757387d86f07799685f3d94ddb28a299c5d8300b802b63667bc8ac5d0c56,NewSale
0x2e205ebEa4B8e1d6Cdf8B808053780f76a0531Ca,76325,0xbc2d6E7c81E7f35473b3594031FCC4c519fD24Ad,1,0xa499490597d9b9a5fa2e478b5b9c07c83e97a199,1,16002000000000002000,6960000,165078,4946566,1743027883,0x641df6dadb5af19fae42c7792847c68fed42b2c318462a654ab0ebc793bf3223,NewSale
0x80fe121B69163E17bd4e9CC573652e29E48fa4ae,75968,0xbc2d6E7c81E7f35473b3594031FCC4c519fD24Ad,0,0xae3ed39da68fcc1dcf0a3fce7f049198eaa962ee,1,20000000000000000000,6943693,160266,4946566,1743027883,0xd044b31adc53d2a912d3c996fe45bb726fa8149d9f95b332d36ea73919b4db3c,NewSale
0x2e205ebEa4B8e1d6Cdf8B808053780f76a0531Ca,76325,0xbc2d6E7c81E7f35473b3594031FCC4c519fD24Ad,1,0xa499490597d9b9a5fa2e478b5b9c07c83e97a199,1,16002000000000002000,6940000,165078,4946585,1743027921,0x2158eebd15b4ae8d60b00f3606406225d93254a774393b1fade8f7822841ca7e,NewSale
0x2e205ebEa4B8e1d6Cdf8B808053780f76a0531Ca,76325,0xbc2d6E7c81E7f35473b3594031FCC4c519fD24Ad,1,0xa499490597d9b9a5fa2e478b5b9c07c83e97a199,1,16002000000000002000,6890000,165078,4946603,1743027957,0x03b12c41fbbc538e1f7b5eb91ee6cdd0fe9e359585719a0baa493775bbde382b,NewSale
0x33ac4053Ce984434D67CEd375e5b8b8c03Da2f7B,76347,0xbc2d6E7c81E7f35473b3594031FCC4c519fD24Ad,1,0xc2d79ce15ed40cdb5013d5a6ffb75a2472ed2e09,1,240000000000000,7353466,140566,4946610,1743027971,0x3a2033c396c5401f92d0e2f1938126ea99cb819d0a12340a79d749f8675cad62,NewSale
0x80fe121B69163E17bd4e9CC573652e29E48fa4ae,72580,0xbc2d6E7c81E7f35473b3594031FCC4c519fD24Ad,0,0xae3ed39da68fcc1dcf0a3fce7f049198eaa962ee,1,20000000000000000000,6862266,165066,4946612,1743027975,0x928bb9134fc8543ecf628a39c974d927987aa7cefa13e748ea88d4e7b6c3418d,NewSale
0x80fe121B69163E17bd4e9CC573652e29E48fa4ae,75968,0xbc2d6E7c81E7f35473b3594031FCC4c519fD24Ad,0,0xae3ed39da68fcc1dcf0a3fce7f049198eaa962ee,1,20000000000000000000,6828375,165066,4946623,1743027997,0x8d422ac2200c68d3c4cdcf7c1592b590d60619bb9d95fba7777e1d2311ee8dd9,NewSale
0x2e205ebEa4B8e1d6Cdf8B808053780f76a0531Ca,76325,0xbc2d6E7c81E7f35473b3594031FCC4c519fD24Ad,1,0xa499490597d9b9a5fa2e478b5b9c07c83e97a199,1,16002000000000002000,6850000,165078,4946628,1743028007,0xb8656b054367de1899b5539ddce3e11e6e91dc47442720d9df8725e46b0aa2c6,NewSale
0x80fe121B69163E17bd4e9CC573652e29E48fa4ae,72580,0xbc2d6E7c81E7f35473b3594031FCC4c519fD24Ad,0,0xae3ed39da68fcc1dcf0a3fce7f049198eaa962ee,1,20000000000000000000,6829468,165066,4946633,1743028017,0x285eae0c7203e5ed4b6a38bc1c22a33cc0b6943b9df117c7cfee43a7b2842126,NewSale
0x2e205ebEa4B8e1d6Cdf8B808053780f76a0531Ca,76325,0xbc2d6E7c81E7f35473b3594031FCC4c519fD24Ad,1,0xa499490597d9b9a5fa2e478b5b9c07c83e97a199,1,16002000000000002000,6890000,165078,4946641,1743028033,0x04611fd38384a793e563f8695f4edd825512679fb327114128add5f6d8f2e223,NewSale
0xA889BD8AF563ad0Dec003683F29B3aD38bb20014,76352,0xbc2d6E7c81E7f35473b3594031FCC4c519fD24Ad,1,0xdfcc2055b54ffef2b7177f089c831b9ed2060735,1,249900000000000,6881862,135778,4946643,1743028037,0xcb52c140cc004f198bcbcb166f98a345375f9a67cb8132284990c183c88e2f27,NewSale
0x80fe121B69163E17bd4e9CC573652e29E48fa4ae,75968,0xbc2d6E7c81E7f35473b3594031FCC4c519fD24Ad,0,0xae3ed39da68fcc1dcf0a3fce7f049198eaa962ee,1,20000000000000000000,6880437,165066,4946645,1743028041,0x7dda906d30d9d10e261601068e1e3bb9757e3ccc704433d2276e18eeb31853ee,NewSale
0x80fe121B69163E17bd4e9CC573652e29E48fa4ae,72580,0xbc2d6E7c81E7f35473b3594031FCC4c519fD24Ad,0,0xae3ed39da68fcc1dcf0a3fce7f049198eaa962ee,1,20000000000000000000,6874506,158655,4946655,1743028061,0x727fe551bd210b6dc16fc14f5e8e011f1ee78f8f8e93742d6be61dc155edd935,NewSale
0x2e205ebEa4B8e1d6Cdf8B808053780f76a0531Ca,76325,0xbc2d6E7c81E7f35473b3594031FCC4c519fD24Ad,1,0x97746acad994ce94367d705e9ba51b34c7747860,1,16002000000000002000,6890000,165078,4946657,1743028065,0x9c54d66c211a590850135514e86bfc083a1d298f1359b2a1ddc0444e15c86f5c,NewSale
0x2e205ebEa4B8e1d6Cdf8B808053780f76a0531Ca,76325,0xbc2d6E7c81E7f35473b3594031FCC4c519fD24Ad,1,0xa499490597d9b9a5fa2e478b5b9c07c83e97a199,1,16002000000000002000,6900000,165078,4946658,1743028067,0x2cd4c82eb9cc2e17c6fd928db020b9ddc477987b6f1a0efc5eda3f26f1254c1a,NewSale
0xC0DEc165A5d6e6766Fbc35c977f89535899D0411,74777,0xbc2d6E7c81E7f35473b3594031FCC4c519fD24Ad,0,0xdf8c014a6b68c66d5c774f3097edbc917944baa0,1,259999990000000,6989205,142201,4946660,1743028071,0x0a11030155a09dba22cb95db8c6cc12e16a57a251015d986e9d75926e08d6dc2,NewSale
0x2e205ebEa4B8e1d6Cdf8B808053780f76a0531Ca,76325,0xbc2d6E7c81E7f35473b3594031FCC4c519fD24Ad,1,0x31e4552b153384e87d5cbb7dfa9b2496245fe131,1,16002000000000002000,7000000,182178,4946674,1743028099,0xe2c059a8d3ca78075cfdabfcdf1c749000a3247e79b2310af3dbb30dd7f06f1e,NewSale
0x2e205ebEa4B8e1d6Cdf8B808053780f76a0531Ca,76325,0xbc2d6E7c81E7f35473b3594031FCC4c519fD24Ad,1,0xa499490597d9b9a5fa2e478b5b9c07c83e97a199,1,16002000000000002000,6910000,165078,4946675,1743028101,0x51f5646b8d15306ec4722bf4fef8acbc1bfb29b4461561c2c7be5748d15e6106,NewSale
0xc2d79Ce15ED40cdB5013D5A6ffB75A2472Ed2E09,76340,0xbc2d6E7c81E7f35473b3594031FCC4c519fD24Ad,1,0xdf8c014a6b68c66d5c774f3097edbc917944baa0,1,200000000000000,6968089,140578,4946676,1743028103,0xa4ec05dc9fd821dd2f6083ec00bcd1c31b831375cf27f0641c5b0de872afc626,NewSale
0x80fe121B69163E17bd4e9CC573652e29E48fa4ae,75968,0xbc2d6E7c81E7f35473b3594031FCC4c519fD24Ad,0,0xae3ed39da68fcc1dcf0a3fce7f049198eaa962ee,1,20000000000000000000,6879041,165066,4946677,1743028105,0xf064204ef086c95fb69b40bdaa90bef37b2f07fae2fccc6285a49864fcaa6df0,NewSale
0xD74e4EF1b2eD751162BB6cE4Ae35978af4003553,76339,0xdc0F91C5a4D200FfC21658901c77c0fE1A14d199,0,0x8f117013cd59fc38ec02650cfe11431407fe029c,1,641000000000000,6900000,145383,4946686,1743028123,0x8d114f6b60632d6714b0c8cd72a7b812b6212f6c1770c405a62562de0bdb47ba,NewSale
0x80fe121B69163E17bd4e9CC573652e29E48fa4ae,75968,0xbc2d6E7c81E7f35473b3594031FCC4c519fD24Ad,0,0xae3ed39da68fcc1dcf0a3fce7f049198eaa962ee,1,20000000000000000000,6869228,165066,4946686,1743028123,0x5d721ba66e5d6e32f461a6dd7abe98ec5971bae87f942a4558760834937244be,NewSale
0x80fe121B69163E17bd4e9CC573652e29E48fa4ae,75968,0xbc2d6E7c81E7f35473b3594031FCC4c519fD24Ad,0,0x31e4552b153384e87d5cbb7dfa9b2496245fe131,1,20000000000000000000,7000000,165066,4946692,1743028135,0x383f6ba2fec784f847841a1b666e3e2f8137470c3cf5be2e259937cab65d039f,NewSale
0x1d3DFA884dB03A06A79f5c83834Fe65F7DDd10Bf,76348,0xbc2d6E7c81E7f35473b3594031FCC4c519fD24Ad,0,0xdf8c014a6b68c66d5c774f3097edbc917944baa0,1,210000000000000,6961192,140578,4946692,1743028135,0x4362d0d0d2239b1be5b97db124e047916daf54e46669e37ad3c1ee4b596c8bf2,NewSale
0x2e205ebEa4B8e1d6Cdf8B808053780f76a0531Ca,76325,0xbc2d6E7c81E7f35473b3594031FCC4c519fD24Ad,1,0xa499490597d9b9a5fa2e478b5b9c07c83e97a199,1,16002000000000002000,6880000,165078,4946692,1743028135,0xfc4d22c49cad9e1a9a76c114f507053964d4e416432208fe0a5ff63b854d00a7,NewSale
0x80fe121B69163E17bd4e9CC573652e29E48fa4ae,75968,0xbc2d6E7c81E7f35473b3594031FCC4c519fD24Ad,0,0xae3ed39da68fcc1dcf0a3fce7f049198eaa962ee,1,20000000000000000000,6861192,165066,4946697,1743028145,0xc537e546c261311131a1bdef202e1879572859406b9c8a6baa0bdc9c8468c509,NewSale
0xeF0Ef28b882d166B732d00A01Ea762B9CCd3FE44,76307,0xbc2d6E7c81E7f35473b3594031FCC4c519fD24Ad,1,0xff69839179fa19f0e0514b608b4a700277ceaa85,1,240000000000000,6965602,152866,4946704,1743028159,0xceee492ca141ad839da5a8ad46af7690bc63ef1d24bd7d9bd7cc03c43932bfae,NewSale
0x2e205ebEa4B8e1d6Cdf8B808053780f76a0531Ca,76325,0xbc2d6E7c81E7f35473b3594031FCC4c519fD24Ad,1,0x31e4552b153384e87d5cbb7dfa9b2496245fe131,1,16002000000000002000,7000000,158667,4946709,1743028169,0x9fdb04b8324cfd56cf21dcaa3a2c6da139d18ade10bb727acc9f337aa06e41d7,NewSale
0xc2d79Ce15ED40cdB5013D5A6ffB75A2472Ed2E09,76349,0xbc2d6E7c81E7f35473b3594031FCC4c519fD24Ad,0,0xdf8c014a6b68c66d5c774f3097edbc917944baa0,1,200000000000000,6957107,135778,4946718,1743028187,0xce868274564f0104b8723a1e050f66233e7330a105df1a6c6699c4994378b195,NewSale
0x80fe121B69163E17bd4e9CC573652e29E48fa4ae,75968,0xbc2d6E7c81E7f35473b3594031FCC4c519fD24Ad,0,0x31e4552b153384e87d5cbb7dfa9b2496245fe131,1,20000000000000000000,7000000,165066,4946723,1743028197,0x500b3870b577efc07c7aa98fa1efa8760bc93ec6a6c27221a44eb85d9e859f77,NewSale
0x33ac4053Ce984434D67CEd375e5b8b8c03Da2f7B,76342,0xbc2d6E7c81E7f35473b3594031FCC4c519fD24Ad,1,0x97746acad994ce94367d705e9ba51b34c7747860,1,240000000000000,6860000,135766,4946723,1743028197,0x62f93605d9893275a397b5b532ec088b25b1d9a4c9960c1624eac3e5a54ea7d8,NewSale
0x80fe121B69163E17bd4e9CC573652e29E48fa4ae,75968,0xbc2d6E7c81E7f35473b3594031FCC4c519fD24Ad,0,0x31e4552b153384e87d5cbb7dfa9b2496245fe131,1,20000000000000000000,7000000,165066,4946738,1743028227,0x4814ba6466d3e74b4e4e6d19bbddab59d8e3af09431cde0473009e24c8b655ed,NewSale
0xc2d79Ce15ED40cdB5013D5A6ffB75A2472Ed2E09,76354,0xbc2d6E7c81E7f35473b3594031FCC4c519fD24Ad,1,0x9677b30ea760d93c7e114a5a5946783a9a93b281,1,200000000000000,6880000,152878,4946738,1743028227,0xd1500259634614347e84b278793da7c0095894e852f0530441639a0dbf46bf27,NewSale
0x33ac4053Ce984434D67CEd375e5b8b8c03Da2f7B,76357,0xbc2d6E7c81E7f35473b3594031FCC4c519fD24Ad,0,0xdf8c014a6b68c66d5c774f3097edbc917944baa0,1,240000000000000,6919078,140566,4946748,1743028247,0xeb77b0cf725403f9eb67fef206db240a91af9f8c1b50f180ca233a39903e5147,NewSale
0xae3eD39da68fcC1dCF0a3fCe7F049198EAA962eE,76363,0xbc2d6E7c81E7f35473b3594031FCC4c519fD24Ad,0,0x31e4552b153384e87d5cbb7dfa9b2496245fe131,1,20000000000000000000,7000000,165066,4946753,1743028257,0xce0febd1d6a3c34dbecbf8e56aadf3a6265532127c63793b56006f14d011e4a8,NewSale
0x1F08DAC2447AA4FfACD7E4940D93e76242B760A1,76361,0xbc2d6E7c81E7f35473b3594031FCC4c519fD24Ad,1,0x3b2c439a9997d0f06443f4ba44a3e4959c8854a8,1,250000000000000,6812175,152878,4946755,1743028261,0x99a557bd82de4bd32d87a4d8df977094246698455886ad96ff60bef7d974930e,NewSale
0xae3eD39da68fcC1dCF0a3fCe7F049198EAA962eE,76363,0xbc2d6E7c81E7f35473b3594031FCC4c519fD24Ad,0,0x80fe121b69163e17bd4e9cc573652e29e48fa4ae,1,20000000000000000000,6808460,165066,4946760,1743028271,0xbaa7f49075da5226e1607f72ce11d52b79a872da106a1eda9152d52ee0b4b110,NewSale
0xae3eD39da68fcC1dCF0a3fCe7F049198EAA962eE,76363,0xbc2d6E7c81E7f35473b3594031FCC4c519fD24Ad,0,0x31e4552b153384e87d5cbb7dfa9b2496245fe131,1,20000000000000000000,7000000,165066,4946773,1743028297,0x7e27295480e654c16cad77848be9cbe95c070c34e604214b9dcac0ec0d580e1d,NewSale
0xae3eD39da68fcC1dCF0a3fCe7F049198EAA962eE,76363,0xbc2d6E7c81E7f35473b3594031FCC4c519fD24Ad,0,0x80fe121b69163e17bd4e9cc573652e29e48fa4ae,1,20000000000000000000,6750743,165066,4946778,1743028307,0xcdfc4b80253906a613ffec63203989bed9b671e780012335f8aa0a47dd8d1390,NewSale
0x8Cc66a9F1A11aCc609ceEE4419b09B58987c00d6,76365,0xbc2d6E7c81E7f35473b3594031FCC4c519fD24Ad,1,0x2e205ebea4b8e1d6cdf8b808053780f76a0531ca,1,100000000000000,6790000,135778,4946782,1743028315,0xccabb839a8b0e161f5e7c8be47e8543ceede9ec18e9a44aba0bc74b264b559a3,NewSale
0x80fe121B69163E17bd4e9CC573652e29E48fa4ae,75968,0xbc2d6E7c81E7f35473b3594031FCC4c519fD24Ad,0,0x31e4552b153384e87d5cbb7dfa9b2496245fe131,1,20000000000000000000,7000000,165066,4946790,1743028331,0xff5552952bc9458025c4e1612152710deec2c56dbdf1dca6509ca88f870efcc4,NewSale
0x33ac4053Ce984434D67CEd375e5b8b8c03Da2f7B,76351,0xbc2d6E7c81E7f35473b3594031FCC4c519fD24Ad,0,0x97746acad994ce94367d705e9ba51b34c7747860,1,240000000000000,6770000,135766,4946791,1743028333,0xf5eab6088b5eb2a3513ade329d2c3880a317f4c1ce34b2c378d8d1a2e3d88632,NewSale
0xae3eD39da68fcC1dCF0a3fCe7F049198EAA962eE,76363,0xbc2d6E7c81E7f35473b3594031FCC4c519fD24Ad,0,0x80fe121b69163e17bd4e9cc573652e29e48fa4ae,1,20000000000000000000,6736300,165066,4946791,1743028333,0xfe75bfa2e80de5b16f026752d59c3f39548c5967c04515092458ea8fb4fef52f,NewSale
0xae3eD39da68fcC1dCF0a3fCe7F049198EAA962eE,76363,0xbc2d6E7c81E7f35473b3594031FCC4c519fD24Ad,0,0x80fe121b69163e17bd4e9cc573652e29e48fa4ae,1,20000000000000000000,6749481,165066,4946801,1743028353,0xa98c6928f53e71ceedcf0e38bcd208682c9db45af32090edf74e4ad7a9e6563b,NewSale
0x80fe121B69163E17bd4e9CC573652e29E48fa4ae,75968,0xbc2d6E7c81E7f35473b3594031FCC4c519fD24Ad,0,0x31e4552b153384e87d5cbb7dfa9b2496245fe131,1,20000000000000000000,7000000,165066,4946807,1743028365,0x62d99f0c3745b5383ab0b426b339ba1d11bb3a17b78d3b250a32f741373adbbe,NewSale
0xae3eD39da68fcC1dCF0a3fCe7F049198EAA962eE,76363,0xbc2d6E7c81E7f35473b3594031FCC4c519fD24Ad,0,0x80fe121b69163e17bd4e9cc573652e29e48fa4ae,1,20000000000000000000,6738423,160266,4946812,1743028375,0x8455336facb35aa1b92384548da7c41d2a760d3f52c83546264b6602ae3f643d,NewSale
0xD64F9Fedf3bfAFbD972ebe8D29EF77c0fdAf70d3,76369,0xbc2d6E7c81E7f35473b3594031FCC4c519fD24Ad,1,0x8cc66a9f1a11acc609ceee4419b09b58987c00d6,1,249900000000000,6760000,152866,4946813,1743028377,0x549a808dc4b37b4b22180fd86ee9a2d44c6b284a317cc62f0d7246725cc93a6e,NewSale
0x57d1B3eF44E2A3533865a7042448f2d897181C98,76350,0xbc2d6E7c81E7f35473b3594031FCC4c519fD24Ad,1,0x7155d3a20939ef6e5aa38c1db3c073df920c6c7a,1,249900000000000,6760000,152878,4946817,1743028385,0xe5b7184ba3a96e66068d5375d52cc5e9ad458dbdc48a506e1cf1ee513a14445d,NewSale
0x8Cc66a9F1A11aCc609ceEE4419b09B58987c00d6,76367,0xbc2d6E7c81E7f35473b3594031FCC4c519fD24Ad,0,0xc1b9e7520f7cbed0c177bfb5937a318d8217276f,1,200000000000000,6760000,140578,4946826,1743028403,0x5906701db604a2481083101de57dca5b9a0c55cc75a0d42fb5d31443ef8c4576,NewSale
0xC0DEc165A5d6e6766Fbc35c977f89535899D0411,74893,0xbc2d6E7c81E7f35473b3594031FCC4c519fD24Ad,0,0xff69839179fa19f0e0514b608b4a700277ceaa85,1,249999990000000,6847323,142201,4946828,1743028407,0x966d696f324da66162e9a816c68e5c15ecd856a31d7f759c1d7c1c66513e1597,NewSale
0xae3eD39da68fcC1dCF0a3fCe7F049198EAA962eE,76363,0xbc2d6E7c81E7f35473b3594031FCC4c519fD24Ad,0,0x31e4552b153384e87d5cbb7dfa9b2496245fe131,1,20000000000000000000,7000000,165066,4946829,1743028409,0x3bf504a3e5119ac9833e55398ae63a0f8f6604a54bab5e1ab2f806c55872cfd8,NewSale
0xae3eD39da68fcC1dCF0a3fCe7F049198EAA962eE,76363,0xbc2d6E7c81E7f35473b3594031FCC4c519fD24Ad,0,0x80fe121b69163e17bd4e9cc573652e29e48fa4ae,1,20000000000000000000,6740969,165066,4946829,1743028409,0xfc1eaf6c1cbcf89e0c03591980535c996cb980e5501a5d46aae7051399f18ca6,NewSale
0xae3eD39da68fcC1dCF0a3fCe7F049198EAA962eE,76363,0xbc2d6E7c81E7f35473b3594031FCC4c519fD24Ad,0,0x80fe121b69163e17bd4e9cc573652e29e48fa4ae,1,20000000000000000000,6722739,158655,4946840,1743028431,0xc58acdf5bcf2718642f95918bd398780e180c3ce6fa48c32c56b443bc6fc7c02,NewSale
0x8Cc66a9F1A11aCc609ceEE4419b09B58987c00d6,76368,0xbc2d6E7c81E7f35473b3594031FCC4c519fD24Ad,0,0x07772435f2379f28050f64171c67e25243051dd4,1,200000000000000,6750000,140578,4946846,1743028443,0x52c7626db26e5a8597cb760f720eb5d54c009fea696cfd29e35db9059db6987f,NewSale
0x8Cc66a9F1A11aCc609ceEE4419b09B58987c00d6,76362,0xbc2d6E7c81E7f35473b3594031FCC4c519fD24Ad,0,0xd5671aef6e61a12ea54232797769c5353897f554,1,200000000000000,6770000,135778,4946860,1743028471,0x31f2f49c46dd6620bda368f7f9a9ce00354c89476c6375094851ff67d167dd60,NewSale
0xafD2607dCdE0fb0613F234FD93Ed928b249036f8,76372,0xbc2d6E7c81E7f35473b3594031FCC4c519fD24Ad,1,0xd5671aef6e61a12ea54232797769c5353897f554,1,249900000000000,6710000,152878,4946873,1743028497,0x4bf1075a302c4e75733edb0187bab849e1fc0f79b931bb4a22e840b2fcd601a9,NewSale
0xC0DEc165A5d6e6766Fbc35c977f89535899D0411,74893,0xbc2d6E7c81E7f35473b3594031FCC4c519fD24Ad,0,0x18613c7c626d793edc94f145bca9fd6ccd9566df,1,249999990000000,6710000,159301,4946879,1743028509,0x3d708fb8d70ad6363663aa74d341e7a34e6448ad7f2aa896aab21339fbc74d7e,NewSale
0xAD884D699B4c89F7B7be134C0EEf0DC982b59379,76374,0xbc2d6E7c81E7f35473b3594031FCC4c519fD24Ad,1,0x9677b30ea760d93c7e114a5a5946783a9a93b281,1,249900000000000,6660000,135778,4946894,1743028539,0x2ae1da66e73d64627ff302bb358c04e4ad09e7590cb2b6b3786556d7109d2d07,NewSale
0xC0DEc165A5d6e6766Fbc35c977f89535899D0411,74893,0xbc2d6E7c81E7f35473b3594031FCC4c519fD24Ad,0,0xa3bda7368e74810cad60c0f16a98d7df8c8b2eb6,1,249999990000000,7088641,159301,4946903,1743028557,0x9a92aeb94b1c6c07b4d1d3fbb3fcc6e1a53907b43c6d96f428fa2d7412ad524d,NewSale
0x48260482ab5C9c78bA969574E4D2D70406fCF49b,76377,0xbc2d6E7c81E7f35473b3594031FCC4c519fD24Ad,1,0xc1b9e7520f7cbed0c177bfb5937a318d8217276f,1,249900000000000,6620000,152878,4946913,1743028577,0x869f62fc5bdca4e699ab0534e1b960b6d6b09fc8c8c15e5629f445776c24ff0c,NewSale
0x80fe121B69163E17bd4e9CC573652e29E48fa4ae,75968,0xbc2d6E7c81E7f35473b3594031FCC4c519fD24Ad,0,0xae3ed39da68fcc1dcf0a3fce7f049198eaa962ee,1,20000000000000000000,6546436,182166,4946915,1743028581,0x3ddd576c5db20bd5a3ea9d4fbfb2da02b24387c0d5d95c1e624db369cac3376d,NewSale
0xE5d10E90613025503c72B11a3E67A4D20fe3d126,76359,0xbc2d6E7c81E7f35473b3594031FCC4c519fD24Ad,1,0x97746acad994ce94367d705e9ba51b34c7747860,1,250000000000000,6560000,135778,4946920,1743028591,0x97d5a2351f651945979f8601239885f2acb3ca842fffae8b124b846d1ff51d84,NewSale
0x6B5ca41928946d48C51874DCe5Ac40D89Cbf2738,76379,0xbc2d6E7c81E7f35473b3594031FCC4c519fD24Ad,1,0x7155d3a20939ef6e5aa38c1db3c073df920c6c7a,1,249900000000000,6570000,135778,4946925,1743028601,0xda52f3ad036a9256830855453c021f4da04d9171c30650ce0f1dc48f6228c36b,NewSale
0x80fe121B69163E17bd4e9CC573652e29E48fa4ae,76375,0xbc2d6E7c81E7f35473b3594031FCC4c519fD24Ad,0,0xae3ed39da68fcc1dcf0a3fce7f049198eaa962ee,1,20000000000000000000,6525416,160266,4946930,1743028611,0x63e1f9f3503d867d81706fe7f2c21bd721fcc8ce47669db163b5905f22b0d817,NewSale
0x9Ac66ADa67D482d9356d80E58c1497c275a33691,76336,0xbc2d6E7c81E7f35473b3594031FCC4c519fD24Ad,1,0xa3bda7368e74810cad60c0f16a98d7df8c8b2eb6,1,250000000000000,12002878,152878,4946937,1743028625,0x8a3e8c7fee53e3d1de23d9deb2c74c6f00ceb436bb7be74a2c3119e8561e383e,NewSale
0xC0DEc165A5d6e6766Fbc35c977f89535899D0411,74893,0xbc2d6E7c81E7f35473b3594031FCC4c519fD24Ad,0,0xd5671aef6e61a12ea54232797769c5353897f554,1,249999990000000,6530000,142201,4946940,1743028631,0x072db5e144856301bac2a2afd8898215ac477f1114e1008288a0e1d7ec921dc1,NewSale
0x1A7C0379538D276f0A06619787ef11B94601237d,76381,0xbc2d6E7c81E7f35473b3594031FCC4c519fD24Ad,1,0x07772435f2379f28050f64171c67e25243051dd4,1,249900000000000,6500000,152878,4946952,1743028655,0x08c3edf041d683b1cfabfc319482f76581f8323a4e8987575568e9dbb665723b,NewSale
0xC0DEc165A5d6e6766Fbc35c977f89535899D0411,74893,0xbc2d6E7c81E7f35473b3594031FCC4c519fD24Ad,0,0xa3bda7368e74810cad60c0f16a98d7df8c8b2eb6,1,249999990000000,11949105,142201,4946957,1743028665,0x1bd1c45f431f211b22996fb95e567ec15ea426ef7c5e2e73981b6f328f0e5bc8,NewSale
0xFF69839179Fa19F0E0514b608b4a700277cEAA85,76383,0xbc2d6E7c81E7f35473b3594031FCC4c519fD24Ad,0,0x9677b30ea760d93c7e114a5a5946783a9a93b281,1,240000000000000,6480000,140566,4946973,1743028697,0x35dd92e0a17187689df02da9912d4edd051ecd8a765cf8c02ce73d40155a12ca,NewSale
0x80fe121B69163E17bd4e9CC573652e29E48fa4ae,75968,0xbc2d6E7c81E7f35473b3594031FCC4c519fD24Ad,0,0xae3ed39da68fcc1dcf0a3fce7f049198eaa962ee,1,20000000000000000000,6454935,165066,4946975,1743028701,0x50e5101c0f4b185b204d0e2a98b9c785ddffa7a746a1f94daf86477e6bc69ff5,NewSale
0xC0DEc165A5d6e6766Fbc35c977f89535899D0411,74893,0xbc2d6E7c81E7f35473b3594031FCC4c519fD24Ad,0,0xc1b9e7520f7cbed0c177bfb5937a318d8217276f,1,249999990000000,6480000,142201,4946988,1743028727,0x9250f5c498df76b85c2bf72e8039d23f06c3a16d08225db01f42c370273bada5,NewSale
0x80fe121B69163E17bd4e9CC573652e29E48fa4ae,76375,0xbc2d6E7c81E7f35473b3594031FCC4c519fD24Ad,0,0xae3ed39da68fcc1dcf0a3fce7f049198eaa962ee,1,20000000000000000000,6459013,165066,4946990,1743028731,0x55ef50bb0914b21a80326be2cc56a4faffbdda9b1333877248be8744a26f3ef1,NewSale
0x2e205ebEa4B8e1d6Cdf8B808053780f76a0531Ca,76388,0xbc2d6E7c81E7f35473b3594031FCC4c519fD24Ad,1,0xa499490597d9b9a5fa2e478b5b9c07c83e97a199,1,16020000000000000000,6470000,182154,4947000,1743028751,0x3ac27dd0c219ef53d04606fefa8f13f343fc31f956d960634ea91d0dd18c4642,NewSale
0xC0DEc165A5d6e6766Fbc35c977f89535899D0411,74893,0xbc2d6E7c81E7f35473b3594031FCC4c519fD24Ad,0,0x7155d3a20939ef6e5aa38c1db3c073df920c6c7a,1,249999990000000,6470000,142201,4947004,1743028759,0x88427e68f4fa9b77b427b575df8a794c0caa2fdf0159174c400255d408cc038b,NewSale
0x80fe121B69163E17bd4e9CC573652e29E48fa4ae,75968,0xbc2d6E7c81E7f35473b3594031FCC4c519fD24Ad,0,0xae3ed39da68fcc1dcf0a3fce7f049198eaa962ee,1,20000000000000000000,6449623,165066,4947006,1743028763,0x2375ecd4dd4ba3470c9dd74d852b34ed86c73c7a1b0fde4b59ee4022b1e51fac,NewSale
0xC0DEc165A5d6e6766Fbc35c977f89535899D0411,74893,0xbc2d6E7c81E7f35473b3594031FCC4c519fD24Ad,0,0xd5671aef6e61a12ea54232797769c5353897f554,1,249999990000000,6460000,142201,4947016,1743028783,0xba33bed7f4fc57df7caad5d324116bfc33a74f9a46afd959f2cf3b71ef81d9ad,NewSale
0x2e205ebEa4B8e1d6Cdf8B808053780f76a0531Ca,76388,0xbc2d6E7c81E7f35473b3594031FCC4c519fD24Ad,1,0xa499490597d9b9a5fa2e478b5b9c07c83e97a199,1,16020000000000000000,6460000,165054,4947017,1743028785,0xc5cc0cec55f74758c8a9f42995496697dad953f8ede4ee21f1b936732c8c1f6a,NewSale
0x80fe121B69163E17bd4e9CC573652e29E48fa4ae,76375,0xbc2d6E7c81E7f35473b3594031FCC4c519fD24Ad,0,0xae3ed39da68fcc1dcf0a3fce7f049198eaa962ee,1,20000000000000000000,6442950,165066,4947020,1743028791,0x7afcb8d15a57cffa646391809841a4fb39aeee6e052d208976a88ca0092c5e13,NewSale
0xFF69839179Fa19F0E0514b608b4a700277cEAA85,76389,0xbc2d6E7c81E7f35473b3594031FCC4c519fD24Ad,1,0x07772435f2379f28050f64171c67e25243051dd4,1,239000000000000,6480000,135778,4947029,1743028809,0x554d66d5e3d649db0bb77f9255193740c120812d131a85bedc5c7526ca87721f,NewSale
0x2e205ebEa4B8e1d6Cdf8B808053780f76a0531Ca,76388,0xbc2d6E7c81E7f35473b3594031FCC4c519fD24Ad,1,0xa499490597d9b9a5fa2e478b5b9c07c83e97a199,1,16020000000000000000,6480000,165054,4947033,1743028817,0x3d4553abf760e8ea55ed43fda1c1a9b5122b8f90e359c515f01d3e61e7611075,NewSale
0x80fe121B69163E17bd4e9CC573652e29E48fa4ae,76375,0xbc2d6E7c81E7f35473b3594031FCC4c519fD24Ad,0,0xae3ed39da68fcc1dcf0a3fce7f049198eaa962ee,1,20000000000000000000,6463650,160266,4947035,1743028821,0x4222d582e3ac3e05c597631a92376cd406094e65aaef69e8608f84256f0cca64,NewSale
0xC0DEc165A5d6e6766Fbc35c977f89535899D0411,74893,0xbc2d6E7c81E7f35473b3594031FCC4c519fD24Ad,0,0x689dfa80839f029a6e8ba6eecac87156861e0ae8,1,249999990000000,6500000,142201,4947044,1743028839,0x051bffd3c4185349bac2d77b67a724b4af530359b3c6b2be156308b7bc284a46,NewSale
0x2e205ebEa4B8e1d6Cdf8B808053780f76a0531Ca,76388,0xbc2d6E7c81E7f35473b3594031FCC4c519fD24Ad,1,0xa499490597d9b9a5fa2e478b5b9c07c83e97a199,1,16020000000000000000,6520000,165054,4947049,1743028849,0xcf96901a8fdfa8d0c0a9071b6789cfc9529b05171c73950fb42822c98d0081c7,NewSale
0x80fe121B69163E17bd4e9CC573652e29E48fa4ae,75968,0xbc2d6E7c81E7f35473b3594031FCC4c519fD24Ad,0,0xae3ed39da68fcc1dcf0a3fce7f049198eaa962ee,1,20000000000000000000,6473700,165066,4947056,1743028863,0x27d49132e50b36c4b8a0f7a482c64c29a41048a9c74b20981f1fa45d091600f6,NewSale
0x51C48b4c20393F85f1c77EC39e5f2b6cD1251BF3,76338,0xbc2d6E7c81E7f35473b3594031FCC4c519fD24Ad,1,0x689dfa80839f029a6e8ba6eecac87156861e0ae8,1,250000000000000,6510000,152878,4947057,1743028865,0x837b62bd61a7f1798f657546bddfbbb59e594c6b35a2d76507893ba2e0ffe60b,NewSale
0x80fe121B69163E17bd4e9CC573652e29E48fa4ae,75968,0xbc2d6E7c81E7f35473b3594031FCC4c519fD24Ad,0,0xae3ed39da68fcc1dcf0a3fce7f049198eaa962ee,1,20000000000000000000,6468025,165066,4947067,1743028885,0x796e77664dcc86996916e0bae4c8059aff4a0c69a9c686b83b5991ef6673236d,NewSale
0x2e205ebEa4B8e1d6Cdf8B808053780f76a0531Ca,76388,0xbc2d6E7c81E7f35473b3594031FCC4c519fD24Ad,1,0xa499490597d9b9a5fa2e478b5b9c07c83e97a199,1,16020000000000000000,6480000,165054,4947070,1743028891,0x84bc39dae8381e5ea88096043750d0ef6c4d7c2adadde6055f93ba5dced2c45e,NewSale
0xa3bDA7368e74810Cad60c0F16a98d7Df8C8B2eB6,76393,0xbc2d6E7c81E7f35473b3594031FCC4c519fD24Ad,1,0xdf8c014a6b68c66d5c774f3097edbc917944baa0,1,239000000000000,6490000,135778,4947077,1743028905,0x8ea6ebbfad2f705e1059f54e45a7970871c01468eaf41f886aae91ef27c73971,NewSale
0x80fe121B69163E17bd4e9CC573652e29E48fa4ae,75968,0xbc2d6E7c81E7f35473b3594031FCC4c519fD24Ad,0,0xae3ed39da68fcc1dcf0a3fce7f049198eaa962ee,1,20000000000000000000,6477606,165066,4947079,1743028909,0x182f2b581b896512e8fc77467186a4a452aa7c08d921d68f4c006a5aa1c45932,NewSale
0x2e205ebEa4B8e1d6Cdf8B808053780f76a0531Ca,76388,0xbc2d6E7c81E7f35473b3594031FCC4c519fD24Ad,1,0xa499490597d9b9a5fa2e478b5b9c07c83e97a199,1,16020000000000000000,6490000,165054,4947083,1743028917,0xceb4c2df33df3f903d2cf0b23ea67b429cade5394568dd05345f619644d51a0d,NewSale
0xC0DEc165A5d6e6766Fbc35c977f89535899D0411,74893,0xbc2d6E7c81E7f35473b3594031FCC4c519fD24Ad,0,0xdf8c014a6b68c66d5c774f3097edbc917944baa0,1,249999990000000,6490000,142201,4947093,1743028937,0x93fac5267f0bfb7f88997a038c2181bae53e4508fd69288fda5bf080ed21bfd2,NewSale
0x99c0A261fdE1d7406c9068e4f361Bcc47E3fE8fB,76396,0xbc2d6E7c81E7f35473b3594031FCC4c519fD24Ad,1,0xd603250b40a29c9e63fc6f7164acfad46279b84f,1,259900000000000,11940255,135778,4947103,1743028957,0xc032aed0a03cb23443b875d72307f7fc86ed970007a5d867350ed4664d831e14,NewSale
0x2e205ebEa4B8e1d6Cdf8B808053780f76a0531Ca,76388,0xbc2d6E7c81E7f35473b3594031FCC4c519fD24Ad,1,0xa499490597d9b9a5fa2e478b5b9c07c83e97a199,1,16020000000000000000,6500000,165054,4947104,1743028959,0x99ac1f859dca3e4860de73ca30141d879f8277d1cf22bd1cc851c173fe45b49a,NewSale
0x2e205ebEa4B8e1d6Cdf8B808053780f76a0531Ca,76388,0xbc2d6E7c81E7f35473b3594031FCC4c519fD24Ad,1,0xa499490597d9b9a5fa2e478b5b9c07c83e97a199,1,16020000000000000000,6510000,165054,4947118,1743028987,0x7cc7cbd16de5ff5266db721ff0948a7645e75a305d33cd429b1cd409086bfdb5,NewSale
0xbAa9672503be4067CCc6eBB08BEe52af3e0b3b4C,76380,0x2Bf46D4497e98FbA2304B0d2453922FFf559Ea02,82,0xd603250b40a29c9e63fc6f7164acfad46279b84f,1,690000000000000,11925088,186918,4947136,1743029023,0xdb642dabc6e603b39f0d0c3a9e9f80b3ba5252b095a1aa59ba7325c4b75d9dd9,NewSale
0x2e205ebEa4B8e1d6Cdf8B808053780f76a0531Ca,76388,0xbc2d6E7c81E7f35473b3594031FCC4c519fD24Ad,1,0xa499490597d9b9a5fa2e478b5b9c07c83e97a199,1,16020000000000000000,6490000,160254,4947136,1743029023,0x40de21ec6be2dc45cde867683fcc3939d95f8336fca7d8de981b59d9b3bfe2d2,NewSale
0x2e205ebEa4B8e1d6Cdf8B808053780f76a0531Ca,76388,0xbc2d6E7c81E7f35473b3594031FCC4c519fD24Ad,1,0xa499490597d9b9a5fa2e478b5b9c07c83e97a199,1,16020000000000000000,6480000,165054,4947159,1743029069,0x771cad1d5f82dfd44fc79ac4d101359eb1ea0177888fa14d2a6254cd0551914e,NewSale
0xbAa9672503be4067CCc6eBB08BEe52af3e0b3b4C,76386,0x2Bf46D4497e98FbA2304B0d2453922FFf559Ea02,40,0xd603250b40a29c9e63fc6f7164acfad46279b84f,1,690000000000000,11905954,164783,4947160,1743029071,0x0d0209793d1cfeb30a7b45ad4653e3da3f9ce320c96ccd1c2eeaf6c19cb6dccd,NewSale
0x8ae507f1744ad3a14B262Bd6cE0e189C5d9B21bd,76258,0x02e21A25F0038fa5BDEe9c0b77aC0c1E84d3d6f0,891,0x689dfa80839f029a6e8ba6eecac87156861e0ae8,1,213000000000000,6470000,150446,4947170,1743029091,0xc90724e5c340692c1685aa0d331d5b44e50f1128e0b6a3fbe244a47e6490bac8,NewSale
0xae3eD39da68fcC1dCF0a3fCe7F049198EAA962eE,76399,0xbc2d6E7c81E7f35473b3594031FCC4c519fD24Ad,0,0x80fe121b69163e17bd4e9cc573652e29e48fa4ae,1,20000000000000000000,6468907,165066,4947170,1743029091,0x4e4b9aa4daa209a4ec7deb1542ec2c05597ceaecd730d17fca8e4d0b90edec96,NewSale
0x2e205ebEa4B8e1d6Cdf8B808053780f76a0531Ca,76388,0xbc2d6E7c81E7f35473b3594031FCC4c519fD24Ad,1,0xa499490597d9b9a5fa2e478b5b9c07c83e97a199,1,16020000000000000000,6470000,165054,4947175,1743029101,0x6b518858a627bef5b4c834776b0d90b1d2cbdb15f17b97ec60846d5ec2dc90f3,NewSale
0xae3eD39da68fcC1dCF0a3fCe7F049198EAA962eE,76399,0xbc2d6E7c81E7f35473b3594031FCC4c519fD24Ad,0,0x80fe121b69163e17bd4e9cc573652e29e48fa4ae,1,20000000000000000000,6505635,165066,4947182,1743029115,0x819f0cceb6262df092f8836258cc5e4c0641cbaa23a1935e8f4456ec21d3d753,NewSale
0xbaeDf698469a056b5fFD358929a1CD5fE97E5834,76068,0x02e21A25F0038fa5BDEe9c0b77aC0c1E84d3d6f0,1970,0x689dfa80839f029a6e8ba6eecac87156861e0ae8,1,390000000000000,6510000,138158,4947183,1743029117,0x7abd62c0d7c4dbf8c14993c3d5e1fb6e892c2f72e59159197e103cd5c4752e6a,NewSale
0x2e205ebEa4B8e1d6Cdf8B808053780f76a0531Ca,76388,0xbc2d6E7c81E7f35473b3594031FCC4c519fD24Ad,1,0xa499490597d9b9a5fa2e478b5b9c07c83e97a199,1,16020000000000000000,6510000,165054,4947192,1743029135,0x9189a85b3687345bb30e352b5c0afdbd3cb312a296e74a083a6ea02615eb4781,NewSale
0x80fe121B69163E17bd4e9CC573652e29E48fa4ae,76375,0xbc2d6E7c81E7f35473b3594031FCC4c519fD24Ad,0,0xd603250b40a29c9e63fc6f7164acfad46279b84f,1,20000000000000000000,11985080,165066,4947193,1743029137,0x1fe17d653322f47f07daa063bb6c623aab51e8ab11b4cde04c24ebadb844e676,NewSale
0xae3eD39da68fcC1dCF0a3fCe7F049198EAA962eE,76399,0xbc2d6E7c81E7f35473b3594031FCC4c519fD24Ad,0,0x80fe121b69163e17bd4e9cc573652e29e48fa4ae,1,20000000000000000000,6507718,160266,4947194,1743029139,0x15a38beee6ad83ee771c617e0220f5a40843cd80245cc682a75a6d07ea4e15bd,NewSale
0xc80d35657d9828A8174342D36b66B464eF36BE9c,76406,0xbc2d6E7c81E7f35473b3594031FCC4c519fD24Ad,1,0x6363c5782884e23f0dc5b6e1bef38ef7540d0d9f,1,259900000000000,6521479,152878,4947207,1743029165,0xf929b1e240f5f373f060ce5ff1533e70d0ad98e528a466722f883351068fc129,NewSale
0x2e205ebEa4B8e1d6Cdf8B808053780f76a0531Ca,76388,0xbc2d6E7c81E7f35473b3594031FCC4c519fD24Ad,1,0xa499490597d9b9a5fa2e478b5b9c07c83e97a199,1,16020000000000000000,6530000,165054,4947209,1743029169,0xe7b90e45756ff3e9f24761c39cc5ecf0c964b8327f683ca35735bfb24765570b,NewSale
0xae3eD39da68fcC1dCF0a3fCe7F049198EAA962eE,76399,0xbc2d6E7c81E7f35473b3594031FCC4c519fD24Ad,0,0x80fe121b69163e17bd4e9cc573652e29e48fa4ae,1,20000000000000000000,6531668,165066,4947210,1743029171,0x304c529a3a66734e62b4ae29379338ad94533b0672ea75d92a8f13372c9ca598,NewSale
0x2e205ebEa4B8e1d6Cdf8B808053780f76a0531Ca,76388,0xbc2d6E7c81E7f35473b3594031FCC4c519fD24Ad,1,0x8b8328c6677f42cadf7d80b9e15657ff80a75720,1,16020000000000000000,7000000,165054,4947211,1743029173,0x9b54b1e45cf9269e0b0dea617adbf38f29fe3cffb7f5e9a87be4b298bbdea92b,NewSale
0xf6219239Bac2569c1256FE6cBa7335BF9995958C,76387,0xbc2d6E7c81E7f35473b3594031FCC4c519fD24Ad,1,0x6363c5782884e23f0dc5b6e1bef38ef7540d0d9f,1,250000000000000,6557156,135778,4947223,1743029197,0xa559a54623f8feaf3ec158a63d1fda2c8042601d5b3f62a47acd2c1d160c0b99,NewSale
0xae3eD39da68fcC1dCF0a3fCe7F049198EAA962eE,76399,0xbc2d6E7c81E7f35473b3594031FCC4c519fD24Ad,0,0x80fe121b69163e17bd4e9cc573652e29e48fa4ae,1,20000000000000000000,6572809,165066,4947224,1743029199,0xee04303a0fb57efe1120ce5dd5b96515bab41354d782d12f243f09c9e8360abb,NewSale
0x2e205ebEa4B8e1d6Cdf8B808053780f76a0531Ca,76388,0xbc2d6E7c81E7f35473b3594031FCC4c519fD24Ad,1,0xa499490597d9b9a5fa2e478b5b9c07c83e97a199,1,16020000000000000000,6570000,160254,4947225,1743029201,0xa1eed57d563b45d70a6f135ab8e0a4fe92d57f8712ff7fb48462f81775ce73b6,NewSale
0x80fe121B69163E17bd4e9CC573652e29E48fa4ae,75968,0xbc2d6E7c81E7f35473b3594031FCC4c519fD24Ad,0,0x8b8328c6677f42cadf7d80b9e15657ff80a75720,1,20000000000000000000,7000000,163455,4947228,1743029207,0xb9a5e7b934a0c658f31920b31b021f9c5c3fe54763dad6e942e32b30a75bb5d1,NewSale
0xae3eD39da68fcC1dCF0a3fCe7F049198EAA962eE,76399,0xbc2d6E7c81E7f35473b3594031FCC4c519fD24Ad,0,0x80fe121b69163e17bd4e9cc573652e29e48fa4ae,1,20000000000000000000,6550576,165066,4947236,1743029223,0xc971bc40e52cb59b609f99e38a710e812ff4be3435fcad04e181bf037e154aac,NewSale
0x9af8aE418fB8fFc33fEA84418409ECe0081e4A61,76390,0xbc2d6E7c81E7f35473b3594031FCC4c519fD24Ad,1,0x6363c5782884e23f0dc5b6e1bef38ef7540d0d9f,1,250000000000000,6565048,135778,4947238,1743029227,0xb5aad85cb0f9c2246bc2ff06f1c3cad192bcf0b6712b087b0b2b16cda0ee3c8c,NewSale
0x122DCcEE39051E6C3BB4AfD93d9B3d9a08BeAa65,68391,0xdc0F91C5a4D200FfC21658901c77c0fE1A14d199,0,0xfed71021ae86c9da2e4508ac44fdf610f24886e0,1,760000000000000,6664597,167283,4947241,1743029233,0x8424c1439ae15401ebf49d25e468420b46a8ca9e32f05bae7087203e822fdff9,NewSale
0xae3eD39da68fcC1dCF0a3fCe7F049198EAA962eE,76399,0xbc2d6E7c81E7f35473b3594031FCC4c519fD24Ad,0,0x80fe121b69163e17bd4e9cc573652e29e48fa4ae,1,20000000000000000000,6564579,165066,4947246,1743029243,0xfb61ca71fa0033b2667d682db3f69ff4d5140116735d5b92297104668b7bbd5c,NewSale
0x2e205ebEa4B8e1d6Cdf8B808053780f76a0531Ca,76388,0xbc2d6E7c81E7f35473b3594031FCC4c519fD24Ad,1,0xa499490597d9b9a5fa2e478b5b9c07c83e97a199,1,16020000000000000000,6590000,165054,4947252,1743029255,0xfe7863e7753fd71bf95a136fbe0354d8183f0537b226a45d3510f30a479c448d,NewSale
0xae3eD39da68fcC1dCF0a3fCe7F049198EAA962eE,76399,0xbc2d6E7c81E7f35473b3594031FCC4c519fD24Ad,0,0x80fe121b69163e17bd4e9cc573652e29e48fa4ae,1,20000000000000000000,6571479,160266,4947258,1743029267,0x85f49e9af7b1e84535ec7e1741960875c42e451c79f41cf8eed381ebd1b9b6a6,NewSale
0x4F81E0B77E14DAA9f86627a47988b7ee2c4D8D59,76286,0xdc0F91C5a4D200FfC21658901c77c0fE1A14d199,0,0x97746acad994ce94367d705e9ba51b34c7747860,1,659900000000000,6580000,150183,4947263,1743029277,0xd2a3322acdbde865892dfa4d7ebf90612c5b528a8056d848e8d7b49f7d634b65,NewSale
0x2e205ebEa4B8e1d6Cdf8B808053780f76a0531Ca,76388,0xbc2d6E7c81E7f35473b3594031FCC4c519fD24Ad,1,0xa499490597d9b9a5fa2e478b5b9c07c83e97a199,1,16020000000000000000,6590000,165054,4947267,1743029285,0xbb8469dcca593ebb5969d06d22ef9a9ca03b315af70dbbb3b49bd648d5ba703a,NewSale
0x2e205ebEa4B8e1d6Cdf8B808053780f76a0531Ca,76388,0xbc2d6E7c81E7f35473b3594031FCC4c519fD24Ad,1,0xa499490597d9b9a5fa2e478b5b9c07c83e97a199,1,16020000000000000000,6600000,158643,4947276,1743029303,0xf2a73c6975f681b89528aa66a1cc0523f2e267a004b51cef73a54df7c4b81aba,NewSale
0xa3bDA7368e74810Cad60c0F16a98d7Df8C8B2eB6,76407,0xbc2d6E7c81E7f35473b3594031FCC4c519fD24Ad,0,0x689dfa80839f029a6e8ba6eecac87156861e0ae8,1,239900000000000,6600000,140578,4947278,1743029307,0xad0ae775b96e549376222efe4de744d46c4bded8f097fffe58c2ad3dca9f936f,NewSale
0xae3eD39da68fcC1dCF0a3fCe7F049198EAA962eE,76399,0xbc2d6E7c81E7f35473b3594031FCC4c519fD24Ad,0,0x80fe121b69163e17bd4e9cc573652e29e48fa4ae,1,20000000000000000000,6560866,165066,4947282,1743029315,0x4e486b85392f94343f6bc933bdc776928ff81be6ec6d7c865188b9c4cb5c899a,NewSale
0xa3bDA7368e74810Cad60c0F16a98d7Df8C8B2eB6,76412,0xbc2d6E7c81E7f35473b3594031FCC4c519fD24Ad,0,0x689dfa80839f029a6e8ba6eecac87156861e0ae8,1,239800000000000,6620000,135778,4947291,1743029333,0x55535caa4aa468df7e121132acb3c7d9125276ce7b589ba262550621282b6cf5,NewSale
0xae3eD39da68fcC1dCF0a3fCe7F049198EAA962eE,76399,0xbc2d6E7c81E7f35473b3594031FCC4c519fD24Ad,0,0x80fe121b69163e17bd4e9cc573652e29e48fa4ae,1,20000000000000000000,6604296,158655,4947292,1743029335,0xeffc011646540be5de33b869f6798dd4e4a37159238e8daca57a6dad07fc32a7,NewSale
0xc51Fe0803D26ce27F3F8E8f082A81d8f2A4fdA2E,76400,0xbc2d6E7c81E7f35473b3594031FCC4c519fD24Ad,1,0x6363c5782884e23f0dc5b6e1bef38ef7540d0d9f,1,259900000000000,6586175,135778,4947302,1743029355,0x3aea236224ec1c9d1d9a3f0b32d62f109165ca530f01176e2bc7b8b8f1e7f1b6,NewSale
0xC0DEc165A5d6e6766Fbc35c977f89535899D0411,74893,0xbc2d6E7c81E7f35473b3594031FCC4c519fD24Ad,0,0x689dfa80839f029a6e8ba6eecac87156861e0ae8,1,249999990000000,6620000,142201,4947315,1743029381,0xa5f7a541a3038ce50dbc01b9f67bda8a3172f82b502e5fab112a405bcb0216fd,NewSale
0xC0DEc165A5d6e6766Fbc35c977f89535899D0411,74893,0xbc2d6E7c81E7f35473b3594031FCC4c519fD24Ad,0,0x689dfa80839f029a6e8ba6eecac87156861e0ae8,1,249999990000000,6670000,142201,4947331,1743029413,0xb7e2f7c751292879a937e65b93df48671e7509887d27dd5f66b2dc048af02f0d,NewSale
0x1224E3228ACF7561624a255E4E494eD30472E484,76403,0xbc2d6E7c81E7f35473b3594031FCC4c519fD24Ad,1,0x6363c5782884e23f0dc5b6e1bef38ef7540d0d9f,1,259900000000000,6683635,135778,4947341,1743029433,0xf41476c79b36009a7ea925dd3f9ee47577287823143cfc51a99a7bcebee39251,NewSale
0x2e205ebEa4B8e1d6Cdf8B808053780f76a0531Ca,76427,0xbc2d6E7c81E7f35473b3594031FCC4c519fD24Ad,1,0xa499490597d9b9a5fa2e478b5b9c07c83e97a199,1,16064999999999998000,6730000,182178,4947359,1743029469,0x20eb1c3ce17600869d3e4eb83d6cb9fb1bcbef80a3af317b607de0014ba1ca75,NewSale
0x723A407c942246260f56a669e8783b9cD2c61b6B,76429,0xbc2d6E7c81E7f35473b3594031FCC4c519fD24Ad,1,0x6363c5782884e23f0dc5b6e1bef38ef7540d0d9f,1,259900000000000,6751331,135778,4947367,1743029485,0x9165e7fc626618987a75ee209865a3c44260eb6ad3fe56fd5f31c066c12d0d51,NewSale
0xdf8C014A6b68c66d5c774f3097EDbC917944bAA0,76432,0xbc2d6E7c81E7f35473b3594031FCC4c519fD24Ad,0,0x6209aeb991ab1f5114f8e567d3c85047a3f51b55,1,200000000000000,6790000,159289,4947379,1743029509,0x6a3ec13f85bc744bc3c833923ffe8d64ffc106064c7b4de2958c494cb7ccfbec,NewSale
0xFee50A04B125ca7cA2E24742f54C7d1Aaf20316a,76422,0xbc2d6E7c81E7f35473b3594031FCC4c519fD24Ad,1,0xd603250b40a29c9e63fc6f7164acfad46279b84f,1,259900000000000,6796269,135778,4947380,1743029511,0x26c1a18cbbd5cc87c4205730527eb5d14a1a6cfe44dadbe55dd900ef4165d156,NewSale
0x2e205ebEa4B8e1d6Cdf8B808053780f76a0531Ca,76427,0xbc2d6E7c81E7f35473b3594031FCC4c519fD24Ad,1,0xa499490597d9b9a5fa2e478b5b9c07c83e97a199,1,16064999999999998000,6780000,165078,4947386,1743029523,0x5b87bd04f8d63437771c5c0c4998aaf7596533141f4579c149780cea79312131,NewSale
0x2e205ebEa4B8e1d6Cdf8B808053780f76a0531Ca,76427,0xbc2d6E7c81E7f35473b3594031FCC4c519fD24Ad,1,0xa499490597d9b9a5fa2e478b5b9c07c83e97a199,1,16064999999999998000,6740000,165078,4947405,1743029561,0x45b3e727b094ee12e990dda38fc9fc35c9c50d07fdb3ef43adf4c6ec7bc33e71,NewSale
0xdf8C014A6b68c66d5c774f3097EDbC917944bAA0,76438,0xbc2d6E7c81E7f35473b3594031FCC4c519fD24Ad,0,0x6209aeb991ab1f5114f8e567d3c85047a3f51b55,1,10000000000000,6740000,140578,4947406,1743029563,0x922cffc2ce65eda9f1768736197b45425b0be4b13c0f9216cb56b0636463e42e,NewSale
0xdf8C014A6b68c66d5c774f3097EDbC917944bAA0,76432,0xbc2d6E7c81E7f35473b3594031FCC4c519fD24Ad,0,0x9677b30ea760d93c7e114a5a5946783a9a93b281,1,200000000000000,6720000,140578,4947416,1743029583,0x06bed59276aa80fd432892dcbf9505993feb91fc13dc20f1e474608524200590,NewSale
0x2e205ebEa4B8e1d6Cdf8B808053780f76a0531Ca,76427,0xbc2d6E7c81E7f35473b3594031FCC4c519fD24Ad,1,0xa499490597d9b9a5fa2e478b5b9c07c83e97a199,1,16064999999999998000,6720000,165078,4947417,1743029585,0x8bfe517149c63468ba788da3d23b7485524bf5be95011552e1c7a09c847e6939,NewSale
0xdf8C014A6b68c66d5c774f3097EDbC917944bAA0,76439,0xbc2d6E7c81E7f35473b3594031FCC4c519fD24Ad,0,0x6209aeb991ab1f5114f8e567d3c85047a3f51b55,1,30000000000000,6720000,140578,4947427,1743029605,0x2a8e2d0bbe2181b59fb89c200e54ee02555985b6fce8293da9d397323cd1d34f,NewSale
0x2e205ebEa4B8e1d6Cdf8B808053780f76a0531Ca,76427,0xbc2d6E7c81E7f35473b3594031FCC4c519fD24Ad,1,0xa499490597d9b9a5fa2e478b5b9c07c83e97a199,1,16064999999999998000,6730000,165078,4947431,1743029613,0xda3fed4f1c9f6f2762668fb1dfeecd1583181ed4cb45e6a50737fd2f6aa687ae,NewSale
0xC0DEc165A5d6e6766Fbc35c977f89535899D0411,74893,0xbc2d6E7c81E7f35473b3594031FCC4c519fD24Ad,0,0xc1b9e7520f7cbed0c177bfb5937a318d8217276f,1,249999990000000,6750000,142201,4947439,1743029629,0x8a123da8b05d49f0303f5e5d98cd60281e71e1e4df90654169c7cc6fe570ae23,NewSale
0x27C960c6CdeC6579D540931Dfd26387C37A60369,76345,0xbc2d6E7c81E7f35473b3594031FCC4c519fD24Ad,1,0x7155d3a20939ef6e5aa38c1db3c073df920c6c7a,1,250000000000000,6780000,135778,4947443,1743029637,0xc298c4ad5ef7e521340ebe4374209ee6af1208870d8c93c9a4e0755e65a72a39,NewSale
0x2e205ebEa4B8e1d6Cdf8B808053780f76a0531Ca,76427,0xbc2d6E7c81E7f35473b3594031FCC4c519fD24Ad,1,0xa499490597d9b9a5fa2e478b5b9c07c83e97a199,1,16064999999999998000,6800000,160278,4947446,1743029643,0x42f88c4d01a99ab2c1bd7457d3c4b8bb5609caa4c0c12bc6e4c86d0e17d8eaca,NewSale
0xdf8C014A6b68c66d5c774f3097EDbC917944bAA0,76443,0xbc2d6E7c81E7f35473b3594031FCC4c519fD24Ad,0,0x6209aeb991ab1f5114f8e567d3c85047a3f51b55,1,200000000000000,6810000,140578,4947454,1743029659,0xc6752e63e3ffc5211a78bff6489bc6589bdd7509873739f13f442841bdb7a86a,NewSale
0xC0DEc165A5d6e6766Fbc35c977f89535899D0411,74893,0xbc2d6E7c81E7f35473b3594031FCC4c519fD24Ad,0,0x07772435f2379f28050f64171c67e25243051dd4,1,249999990000000,6790000,142201,4947463,1743029677,0x39a30c36ab03f9d8a66a69eef8e7549a9cb29ff939f376b39255c5ca81badfb4,NewSale
0x2e205ebEa4B8e1d6Cdf8B808053780f76a0531Ca,76427,0xbc2d6E7c81E7f35473b3594031FCC4c519fD24Ad,1,0xa499490597d9b9a5fa2e478b5b9c07c83e97a199,1,16064999999999998000,6770000,165078,4947468,1743029687,0x06cfa8d8f48cee6e37e15880ee384164a392b1a858439ccb953382c9adfe2883,NewSale
0xdf8C014A6b68c66d5c774f3097EDbC917944bAA0,76445,0xbc2d6E7c81E7f35473b3594031FCC4c519fD24Ad,0,0x6209aeb991ab1f5114f8e567d3c85047a3f51b55,1,10000000000000,6770000,135778,4947478,1743029707,0xf6000fd0e38cdd4b396c7935c128b25acfe6b22ca1f33721cb9a49d312d63465,NewSale
0x2e205ebEa4B8e1d6Cdf8B808053780f76a0531Ca,76427,0xbc2d6E7c81E7f35473b3594031FCC4c519fD24Ad,1,0xa499490597d9b9a5fa2e478b5b9c07c83e97a199,1,16064999999999998000,6760000,165078,4947482,1743029715,0xb8a12d9fa4d62972e2c442f3ba2da08a4822a002f6b9ee994db99f1fa31a3f2f,NewSale
0xC0DEc165A5d6e6766Fbc35c977f89535899D0411,74893,0xbc2d6E7c81E7f35473b3594031FCC4c519fD24Ad,0,0x6209aeb991ab1f5114f8e567d3c85047a3f51b55,1,249999990000000,6740000,142201,4947489,1743029729,0xdb1bcf877f70cb807fbc365387a5bfdfd823cba4aea9da3cdeecb93a49edcefd,NewSale
0x2e205ebEa4B8e1d6Cdf8B808053780f76a0531Ca,76427,0xbc2d6E7c81E7f35473b3594031FCC4c519fD24Ad,1,0xa499490597d9b9a5fa2e478b5b9c07c83e97a199,1,16064999999999998000,6740000,165078,4947492,1743029735,0xb8eec83af1a9d2b38eff71df6a3376db2bc9708f1f4df3df90ddcdef14f014e1,NewSale
0xC0DEc165A5d6e6766Fbc35c977f89535899D0411,74893,0xbc2d6E7c81E7f35473b3594031FCC4c519fD24Ad,0,0x140d6e49eeee05dbe4dd48628b3ae6f03f4f2975,1,249999990000000,6720000,159301,4947496,1743029743,0x34fa03117cfa82aea471c098dd56f34154478b22244016e452e6fac09f274bd4,NewSale
0x80fe121B69163E17bd4e9CC573652e29E48fa4ae,76442,0xbc2d6E7c81E7f35473b3594031FCC4c519fD24Ad,0,0xae3ed39da68fcc1dcf0a3fce7f049198eaa962ee,1,19200000000000000000,6692972,182166,4947499,1743029749,0x95cfee3ad247134e58f49d0bcad2ae9c2e194ba21b38c86ef188ca4a6e32abc8,NewSale
0xdf8C014A6b68c66d5c774f3097EDbC917944bAA0,76448,0xbc2d6E7c81E7f35473b3594031FCC4c519fD24Ad,1,0x6209aeb991ab1f5114f8e567d3c85047a3f51b55,1,50000000000000,6710000,157678,4947510,1743029771,0x356b7065f77234d2ec36568ec522e7632af7c9da063ede81ac34cff9aab4671f,NewSale
0x80fe121B69163E17bd4e9CC573652e29E48fa4ae,76442,0xbc2d6E7c81E7f35473b3594031FCC4c519fD24Ad,0,0xae3ed39da68fcc1dcf0a3fce7f049198eaa962ee,1,19200000000000000000,6654617,165066,4947517,1743029785,0x1843f47a04987d0574fc99105f7de04f0e81937d9d436a520b747bc4a0436b35,NewSale
0xC0DEc165A5d6e6766Fbc35c977f89535899D0411,74893,0xbc2d6E7c81E7f35473b3594031FCC4c519fD24Ad,0,0x140d6e49eeee05dbe4dd48628b3ae6f03f4f2975,1,249999990000000,6660000,142201,4947529,1743029809,0x756743802c1f6be8c2f194aaab838ef163a24708d743bb28d427380ee1e44734,NewSale
0x2e205ebEa4B8e1d6Cdf8B808053780f76a0531Ca,76427,0xbc2d6E7c81E7f35473b3594031FCC4c519fD24Ad,1,0xa499490597d9b9a5fa2e478b5b9c07c83e97a199,1,16064999999999998000,6610000,165078,4947536,1743029823,0x959ab7743bd2b56b1006d86c48234873611a95753fce23eca5747d00328ab8d2,NewSale
0x80fe121B69163E17bd4e9CC573652e29E48fa4ae,76442,0xbc2d6E7c81E7f35473b3594031FCC4c519fD24Ad,0,0xae3ed39da68fcc1dcf0a3fce7f049198eaa962ee,1,19200000000000000000,6605201,165066,4947537,1743029825,0x7b443730ee8d419c6b466054d482a19144fb6397ba0ca2369b392e2bd883d854,NewSale
0xdf8C014A6b68c66d5c774f3097EDbC917944bAA0,76451,0xbc2d6E7c81E7f35473b3594031FCC4c519fD24Ad,1,0x6209aeb991ab1f5114f8e567d3c85047a3f51b55,1,30000000000000,6610000,140578,4947539,1743029829,0x18dc7f192ba5ca416783693d3517cccbfd42317caba0021f665796b4555330de,NewSale
0x80fe121B69163E17bd4e9CC573652e29E48fa4ae,76442,0xbc2d6E7c81E7f35473b3594031FCC4c519fD24Ad,0,0xae3ed39da68fcc1dcf0a3fce7f049198eaa962ee,1,19200000000000000000,6605165,165066,4947546,1743029843,0x94478de026cc3a4bec35045f2766bf444b79a7cf758ba367a26a0597b81cca09,NewSale
0x2e205ebEa4B8e1d6Cdf8B808053780f76a0531Ca,76427,0xbc2d6E7c81E7f35473b3594031FCC4c519fD24Ad,1,0xa499490597d9b9a5fa2e478b5b9c07c83e97a199,1,16064999999999998000,6610000,160278,4947552,1743029855,0x9d4e6d88a347e100d1f12df8b17c497469d890e2074ac9609f0c8df0dc5bd447,NewSale
0xC0DEc165A5d6e6766Fbc35c977f89535899D0411,74893,0xbc2d6E7c81E7f35473b3594031FCC4c519fD24Ad,0,0x6209aeb991ab1f5114f8e567d3c85047a3f51b55,1,249999990000000,6660000,142201,4947557,1743029865,0x59955e8f5f26acfbf4ca46e50cad2848f9c8566f4cfd1d692806ba226cb69b33,NewSale
0x80fe121B69163E17bd4e9CC573652e29E48fa4ae,76442,0xbc2d6E7c81E7f35473b3594031FCC4c519fD24Ad,0,0xae3ed39da68fcc1dcf0a3fce7f049198eaa962ee,1,19200000000000000000,6628884,165066,4947562,1743029875,0xf054c77248fb15a84bdc70e851c680f6e4db696472f2932a76beec90ad909c0c,NewSale
0x2e205ebEa4B8e1d6Cdf8B808053780f76a0531Ca,76427,0xbc2d6E7c81E7f35473b3594031FCC4c519fD24Ad,1,0xa499490597d9b9a5fa2e478b5b9c07c83e97a199,1,16064999999999998000,6640000,165078,4947574,1743029899,0x5d96cee7a94dbc8834e4adb4a5dab148412827d4ee907b22b93e1428ef78c667,NewSale
0x80fe121B69163E17bd4e9CC573652e29E48fa4ae,76442,0xbc2d6E7c81E7f35473b3594031FCC4c519fD24Ad,0,0xae3ed39da68fcc1dcf0a3fce7f049198eaa962ee,1,19200000000000000000,6642982,165066,4947577,1743029905,0xb27d79f93d8007d14779a3ef3be81b01d54cfd1d65cc2fa70512a3fb4f6974dc,NewSale
0x80fe121B69163E17bd4e9CC573652e29E48fa4ae,76442,0xbc2d6E7c81E7f35473b3594031FCC4c519fD24Ad,0,0xae3ed39da68fcc1dcf0a3fce7f049198eaa962ee,1,19200000000000000000,6620256,160266,4947590,1743029931,0xe98ec012952f0d786b8d672c97b55ea5dcd4b1cc33b9f10083eadd455a41c0ee,NewSale
0x2e205ebEa4B8e1d6Cdf8B808053780f76a0531Ca,76427,0xbc2d6E7c81E7f35473b3594031FCC4c519fD24Ad,1,0xa499490597d9b9a5fa2e478b5b9c07c83e97a199,1,16064999999999998000,6640000,165078,4947594,1743029939,0xa211fcc5f8500564790e61f61057969168db9915ec8cdfe3a675307f93f669c8,NewSale
0xdf8C014A6b68c66d5c774f3097EDbC917944bAA0,76457,0xbc2d6E7c81E7f35473b3594031FCC4c519fD24Ad,1,0x6209aeb991ab1f5114f8e567d3c85047a3f51b55,1,40000000000000,6640000,135778,4947600,1743029951,0xe82f29ab68ede195aa36118722c3cf103053e0c4a523dfff8a69f6247bdb2456,NewSale
0x2e205ebEa4B8e1d6Cdf8B808053780f76a0531Ca,76427,0xbc2d6E7c81E7f35473b3594031FCC4c519fD24Ad,1,0xa499490597d9b9a5fa2e478b5b9c07c83e97a199,1,16064999999999998000,6640000,165078,4947608,1743029967,0xc880bc8ccea302cd82614d53eccd46c2dcb47b2f85caf42ab6f5c0985e93cf8b,NewSale
0x2e205ebEa4B8e1d6Cdf8B808053780f76a0531Ca,76427,0xbc2d6E7c81E7f35473b3594031FCC4c519fD24Ad,1,0xa499490597d9b9a5fa2e478b5b9c07c83e97a199,1,16064999999999998000,6580000,165078,4947626,1743030003,0x06f1fc486014bfb1d6abd9c93a8dda37eafc9efca1a4f929521081bfd7efe6b9,NewSale
0x80fe121B69163E17bd4e9CC573652e29E48fa4ae,76442,0xbc2d6E7c81E7f35473b3594031FCC4c519fD24Ad,0,0xae3ed39da68fcc1dcf0a3fce7f049198eaa962ee,1,19200000000000000000,6552073,163455,4947626,1743030003,0x5860bbdedc923c9702550aa90873decc04a96f0a03c8edf0692f96e9ffa36ec3,NewSale
0x80fe121B69163E17bd4e9CC573652e29E48fa4ae,76375,0xbc2d6E7c81E7f35473b3594031FCC4c519fD24Ad,0,0xae3ed39da68fcc1dcf0a3fce7f049198eaa962ee,1,20000000000000000000,6575258,165066,4947639,1743030029,0xedde93bd787255bab90844664e702b80d075fb3979c97706cf4f4ed5d31bc526,NewSale
0x2e205ebEa4B8e1d6Cdf8B808053780f76a0531Ca,76427,0xbc2d6E7c81E7f35473b3594031FCC4c519fD24Ad,1,0xa499490597d9b9a5fa2e478b5b9c07c83e97a199,1,16064999999999998000,6590000,160278,4947645,1743030041,0x176581846b53935bf27dd86e8bbee3688a4fa598e2c77b82269812c7d4aadfaa,NewSale
0xa66C6100cd34E5B70ece0bfeFE493eaC878F8bf4,76453,0xbc2d6E7c81E7f35473b3594031FCC4c519fD24Ad,1,0xfed71021ae86c9da2e4508ac44fdf610f24886e0,1,250000000000000,6614621,152878,4947650,1743030051,0x6fa820eb70e81c8cf21a4806176ba7e629c8371de97b5e0d2415e79e879a1232,NewSale
0x80fe121B69163E17bd4e9CC573652e29E48fa4ae,76428,0xbc2d6E7c81E7f35473b3594031FCC4c519fD24Ad,0,0xae3ed39da68fcc1dcf0a3fce7f049198eaa962ee,1,20000000000000000000,6525837,165066,4947651,1743030053,0x6c7910a6ad6c1acc6540b66342780d8b0ebc1ef2e0a3b862f18be336683ed982,NewSale
0xc9D859b597F351397738E56A49B513e61DcaAA1F,76444,0xbc2d6E7c81E7f35473b3594031FCC4c519fD24Ad,0,0x6363c5782884e23f0dc5b6e1bef38ef7540d0d9f,1,250000000000000,6509557,152878,4947657,1743030065,0x339597f3f3e12edf7d3e9f510d1d6e5f1ee05c8ef615e898f3612f323666a1e6,NewSale
0x2e205ebEa4B8e1d6Cdf8B808053780f76a0531Ca,76427,0xbc2d6E7c81E7f35473b3594031FCC4c519fD24Ad,1,0xa499490597d9b9a5fa2e478b5b9c07c83e97a199,1,16064999999999998000,6510000,158667,4947671,1743030093,0x616a4e4606b262151fa5ffae40cd07c82ebc74d79437a95cd32a860cec23044c,NewSale
0x2f25416144dBE2728bbEF3C81Ddc262f99bb8A7b,76459,0xbc2d6E7c81E7f35473b3594031FCC4c519fD24Ad,1,0x6363c5782884e23f0dc5b6e1bef38ef7540d0d9f,1,250000000000000,6437504,135778,4947680,1743030111,0x2fa3503bfbd9c9eb50650c00f3463a361fbf4365849bbea40edaed504c18c177,NewSale
0xC0DEc165A5d6e6766Fbc35c977f89535899D0411,74893,0xbc2d6E7c81E7f35473b3594031FCC4c519fD24Ad,0,0xc98de076d2b2dd72cd4867af111c06fd026d30d0,1,249999990000000,6440640,142201,4947720,1743030191,0x18323968cc49d3474cf0d8da9c5609f2b35104fd2594aa44f85dc3985f84b302,NewSale
0xC06620402343fFa9eF063c0FE20F6F24Ba9E9028,76463,0xbc2d6E7c81E7f35473b3594031FCC4c519fD24Ad,1,0x1d6a033975a995fba253f62ff7bc4463155eea75,1,250000000000000,6412268,152878,4947751,1743030253,0x092942449054556f35f7a330957553c79bd9ce7982e718e37b38e5fe4d041ae8,NewSale
