listing_creator,listing_id,asset_contract,token_id,buyer,quantity_bought,total_price_paid,gas_price,gas_used,block_number,timestamp,transaction_hash,event_type
0xeF0Ef28b882d166B732d00A01Ea762B9CCd3FE44,74324,0xbc2d6E7c81E7f35473b3594031FCC4c519fD24Ad,1,0x42b0a3c7f94a9ee4ac3e2242ec8031f45df7f589,1,280000000000000,78570000,135778,4922868,1742980487,0xb0fbcfd4ff8f3ad225dba7532ba9d772efe4b45736572e61e56f4263f2e0963f,NewSale
0xC0DEc165A5d6e6766Fbc35c977f89535899D0411,74261,0xbc2d6E7c81E7f35473b3594031FCC4c519fD24Ad,0,0x42b0a3c7f94a9ee4ac3e2242ec8031f45df7f589,1,287500000000000,78320000,142201,4922887,1742980525,0x17b2a4b3a241f73727ff355a02b794a63d6a8d2c5dd33089fbdd680a12065ef8,NewSale
0xF131dd9e4B573b2fF6D2CEDdC9a20399A18299EF,74355,0xbc2d6E7c81E7f35473b3594031FCC4c519fD24Ad,0,0x144f1766e8bd2571ec5429676560cdf75a4ad483,1,200000000000000,154703748,135778,4922896,1742980543,0x091ee66c41d171e2ff38f017e277ed756f2aa318c43b412a296dd2a8fe543bf9,NewSale
0x893616b49633Dc2f763f6eE5753f90d3D570e00A,74359,0xbc2d6E7c81E7f35473b3594031FCC4c519fD24Ad,0,0x144f1766e8bd2571ec5429676560cdf75a4ad483,1,150000000000000,153989763,140578,4922915,1742980581,0x741e9725b6a8a96cda5b98d3ce5b0ccb81f8126f3b3b8073932d1095a7f044b6,NewSale
0xFB3E09efe6A8f217Ecd5A56a7181FaEAFeA4b0ba,74070,0xdc0F91C5a4D200FfC21658901c77c0fE1A14d199,0,0xd2ff27dc09dffe29d9efe7354dd43b54140217d2,1,480000000000000,77490000,167271,4922929,1742980609,0x2b30d750b3d8ec92224d420c3adf978ce3c32ec4779adcb27625f734a157ee10,NewSale
0xc788d2b232C197FF7A37F638718a24000BA27D0B,74358,0xbc2d6E7c81E7f35473b3594031FCC4c519fD24Ad,1,0x406615789d055e9cb2a30e4d7d515c53b33d7737,1,270000000000000,151657371,152878,4922937,1742980625,0xc7a6181c82f3421b625422987abb748f1c73d7de304abe43b82293ed05d76049,NewSale
0x41f07238C5096Eb7eb68c50FE8AE5AdDECBBF5C2,70058,0xbFCACb23F0B41EeEDFf7d04f52CE8f5125150806,3,0x50b959f0efef675750bd3a95f8fa5a5ec70dd37b,1,500000000000000,76230000,164783,4922956,1742980663,0xa695c718ab19452d5594cce324512d75a3309504a42b9884662bf7561e84254a,NewSale
0x893616b49633Dc2f763f6eE5753f90d3D570e00A,74362,0xbc2d6E7c81E7f35473b3594031FCC4c519fD24Ad,0,0x144f1766e8bd2571ec5429676560cdf75a4ad483,1,150000000000000,151275485,135778,4922960,1742980671,0xbb01eb3797eb7ad18dae5428edabe4751e826cc577c117449b78b35354d211e9,NewSale
0xC0DEc165A5d6e6766Fbc35c977f89535899D0411,74261,0xbc2d6E7c81E7f35473b3594031FCC4c519fD24Ad,0,0x406615789d055e9cb2a30e4d7d515c53b33d7737,1,287500000000000,75709708,159301,4922970,1742980691,0x5916568ffe37dd469c8ffd6d07c57945155055110d205a49c8bf1dcbe123ebc2,NewSale
0xC0DEc165A5d6e6766Fbc35c977f89535899D0411,74261,0xbc2d6E7c81E7f35473b3594031FCC4c519fD24Ad,0,0x6d481ad0e47510897bdc5826778a4b6a9895e35d,1,287500000000000,76000000,142201,4922972,1742980695,0xe834dc2b40f8ba9ed8904bece86e2614d70112796a92c659de9e26232fac137b,NewSale
0x893616b49633Dc2f763f6eE5753f90d3D570e00A,74365,0xbc2d6E7c81E7f35473b3594031FCC4c519fD24Ad,1,0x406615789d055e9cb2a30e4d7d515c53b33d7737,1,200000000000000,74987771,140578,4922989,1742980729,0x90fedffd84c1dec914d87f4bdcadf9ac96049699597dfbef0c8a5bb7a1cd7874,NewSale
0x41f07238C5096Eb7eb68c50FE8AE5AdDECBBF5C2,70069,0xbFCACb23F0B41EeEDFf7d04f52CE8f5125150806,2,0x50b959f0efef675750bd3a95f8fa5a5ec70dd37b,1,500000000000000,76070000,164783,4922992,1742980735,0xb3ac99fe9271eec831ac1182d54123762db876c4ef070d948a486d344c73ce71,NewSale
0x893616b49633Dc2f763f6eE5753f90d3D570e00A,74364,0xbc2d6E7c81E7f35473b3594031FCC4c519fD24Ad,1,0x406615789d055e9cb2a30e4d7d515c53b33d7737,1,200000000000000,74594549,140578,4923007,1742980765,0xd327261c856678198d7979ed45ddcc264afb24071e458d1a17b5af8a5b400134,NewSale
0xC0DEc165A5d6e6766Fbc35c977f89535899D0411,74261,0xbc2d6E7c81E7f35473b3594031FCC4c519fD24Ad,0,0x0be019783b9d2c0fa14165c82f22f0fbebd5410a,1,287500000000000,74053848,142201,4923015,1742980781,0xa181adda6b34e4955aae899bfea2120f19d1c2a795e170e896bf6b58eacd9322,NewSale
0xC0DEc165A5d6e6766Fbc35c977f89535899D0411,74261,0xbc2d6E7c81E7f35473b3594031FCC4c519fD24Ad,0,0x91b6553e62df750ad850d9865da4a16d1f48f621,1,287500000000000,74148757,142201,4923020,1742980791,0x7a784489231e7e4c98e327d2d64744e8ce79a26b0892a55323eb04940e00a76a,NewSale
0x893616b49633Dc2f763f6eE5753f90d3D570e00A,74368,0xbc2d6E7c81E7f35473b3594031FCC4c519fD24Ad,1,0x406615789d055e9cb2a30e4d7d515c53b33d7737,1,200000000000000,73643605,135778,4923027,1742980805,0x954a47a52002e67602fa4e3702f67f8f4b56bf9e46e89915bdeda20c6cfe180b,NewSale
0x41f07238C5096Eb7eb68c50FE8AE5AdDECBBF5C2,70075,0xbFCACb23F0B41EeEDFf7d04f52CE8f5125150806,1,0x50b959f0efef675750bd3a95f8fa5a5ec70dd37b,1,500000000000000,74500000,164783,4923028,1742980807,0x0d08473b6bf855042da3c148618a98d06e4378d31833a4b50eab20d811c61ada,NewSale
0x80fe121B69163E17bd4e9CC573652e29E48fa4ae,74328,0xbc2d6E7c81E7f35473b3594031FCC4c519fD24Ad,0,0x91b6553e62df750ad850d9865da4a16d1f48f621,1,288000000000000,73428682,142189,4923030,1742980811,0xc1b22883ab8ca74279b3d01f577b4fc1c8eb952d919298ec7e509f7bc9270479,NewSale
0xC0DEc165A5d6e6766Fbc35c977f89535899D0411,74261,0xbc2d6E7c81E7f35473b3594031FCC4c519fD24Ad,0,0x406615789d055e9cb2a30e4d7d515c53b33d7737,1,287500000000000,74009640,142201,4923046,1742980843,0xda29453bc95112a28fbfa976dbaf299e4e0c66c35dd881e1ad8b3dc6108d35ac,NewSale
0x96dC3c2CB4319E226d747Ad7a5E0433443879111,74352,0xbc2d6E7c81E7f35473b3594031FCC4c519fD24Ad,1,0x91b6553e62df750ad850d9865da4a16d1f48f621,1,289000000000000,74252290,152890,4923054,1742980859,0xf38a3730622f82793295703d97502f694bcd7d5994c5ccc9d70690d4248de251,NewSale
0xC0DEc165A5d6e6766Fbc35c977f89535899D0411,74261,0xbc2d6E7c81E7f35473b3594031FCC4c519fD24Ad,0,0x144f1766e8bd2571ec5429676560cdf75a4ad483,1,287500000000000,147062068,142201,4923060,1742980871,0xada37547ed35824b20fc2ffb7be52e0f9b6758cda24594f4ec2e22ab106a526a,NewSale
0xC0DEc165A5d6e6766Fbc35c977f89535899D0411,74261,0xbc2d6E7c81E7f35473b3594031FCC4c519fD24Ad,0,0x0be019783b9d2c0fa14165c82f22f0fbebd5410a,1,287500000000000,74246467,142201,4923065,1742980881,0xd4f66a47418972c8725cfa1dbc75aaa2580a040eef5d5a9245faf2916c33d6c2,NewSale
0x329b4e8840E395f01186d5161Bf324d205f2c6A7,74361,0xbc2d6E7c81E7f35473b3594031FCC4c519fD24Ad,1,0x91b6553e62df750ad850d9865da4a16d1f48f621,1,289000000000000,74031775,135790,4923069,1742980889,0x75d73714c97c24264bfa952fbf0191f405800d507244a2ceaf121d9c3ac988de,NewSale
0x80fe121B69163E17bd4e9CC573652e29E48fa4ae,74328,0xbc2d6E7c81E7f35473b3594031FCC4c519fD24Ad,0,0x406615789d055e9cb2a30e4d7d515c53b33d7737,1,288000000000000,74031775,142189,4923069,1742980889,0x98827dabf147d95f3b74691b99f39b1a5a5e594dbc6547d67ed6cd6dad0cb9d2,NewSale
0xC0DEc165A5d6e6766Fbc35c977f89535899D0411,74261,0xbc2d6E7c81E7f35473b3594031FCC4c519fD24Ad,0,0x3a8b5a0e45b48810d235426029cd07f4ea6c907d,1,287500000000000,146538199,142201,4923073,1742980897,0x8de69922cc57eb0999326a8ce3735379089565794111bd829a4a63d15751bae2,NewSale
0x41f07238C5096Eb7eb68c50FE8AE5AdDECBBF5C2,70079,0xbFCACb23F0B41EeEDFf7d04f52CE8f5125150806,1,0x50b959f0efef675750bd3a95f8fa5a5ec70dd37b,1,500000000000000,74280000,147683,4923075,1742980901,0xfab06d33008adf006a403ce7132a208f61bc03bb7da7426d1dc0ae07b5c68f8b,NewSale
0xB69a0a4aB39969cFc0Ff80846e768A349F44070F,74366,0xbc2d6E7c81E7f35473b3594031FCC4c519fD24Ad,1,0x91b6553e62df750ad850d9865da4a16d1f48f621,1,289000000000000,74257858,135790,4923080,1742980911,0x572667d0db7b3dc4304a268091fb210d31b8db71be9ac44215a8be6eda146685,NewSale
0x80fe121B69163E17bd4e9CC573652e29E48fa4ae,74328,0xbc2d6E7c81E7f35473b3594031FCC4c519fD24Ad,0,0x406615789d055e9cb2a30e4d7d515c53b33d7737,1,288000000000000,74123651,142189,4923089,1742980929,0x97430178d5d15d1d03e3cdc94b1a48b34a9b45199f13eff5a7fe1b2a4efc6064,NewSale
0xC0DEc165A5d6e6766Fbc35c977f89535899D0411,70984,0xbc2d6E7c81E7f35473b3594031FCC4c519fD24Ad,0,0x91b6553e62df750ad850d9865da4a16d1f48f621,1,289990000000000,74100025,142201,4923090,1742980931,0x161ec78e8a7cc1d8bec62ea518f905704f6871b0a05614e45516bcc9689a8983,NewSale
0xC0DEc165A5d6e6766Fbc35c977f89535899D0411,74261,0xbc2d6E7c81E7f35473b3594031FCC4c519fD24Ad,0,0x0be019783b9d2c0fa14165c82f22f0fbebd5410a,1,287500000000000,74349119,142201,4923100,1742980951,0x85950c626a4c4b4097698d6c57db905f0be8a675d0ebef0f45e2e468c0be79fd,NewSale
0xFB3E09efe6A8f217Ecd5A56a7181FaEAFeA4b0ba,74089,0xdc0F91C5a4D200FfC21658901c77c0fE1A14d199,0,0x50d00e0f7d0e56fc52d53b90d585b4c85d2f9c23,1,480000000000000,146589180,167271,4923102,1742980955,0x4c6879c442c41686b886d316c2c0b58801d56cc218ed5c9a50fd38e75308cfb2,NewSale
0xcf0436332b9Bd57ec2832b64dAfB4eED616860Cc,74363,0xbc2d6E7c81E7f35473b3594031FCC4c519fD24Ad,1,0x91b6553e62df750ad850d9865da4a16d1f48f621,1,289000000000000,74155057,135790,4923106,1742980963,0x9ab10f08b6ccaa7ef31abf72c1806482ec44fb3dd196c4a3750c7de93115e4a2,NewSale
0xC0DEc165A5d6e6766Fbc35c977f89535899D0411,74261,0xbc2d6E7c81E7f35473b3594031FCC4c519fD24Ad,0,0x406615789d055e9cb2a30e4d7d515c53b33d7737,1,287500000000000,74261700,142201,4923110,1742980971,0x16d2e37dfd29a4f1e244754cb8609bbbbfd84b528db7b56f0aa9e17b3f4c0f24,NewSale
0xC0DEc165A5d6e6766Fbc35c977f89535899D0411,70984,0xbc2d6E7c81E7f35473b3594031FCC4c519fD24Ad,0,0x91b6553e62df750ad850d9865da4a16d1f48f621,1,289990000000000,74047694,142201,4923117,1742980985,0xe6295861c0ec90822aee2e93fd3cd0f7af8439eafbaeb17b82f5bcf00792ab3c,NewSale
0xC0DEc165A5d6e6766Fbc35c977f89535899D0411,74261,0xbc2d6E7c81E7f35473b3594031FCC4c519fD24Ad,0,0x6d481ad0e47510897bdc5826778a4b6a9895e35d,1,287500000000000,74160000,142201,4923120,1742980991,0xf545f1081bf675e715bc0cb38a3a55876654c1405e857c4428c27a6f68da4ce0,NewSale
0xC0DEc165A5d6e6766Fbc35c977f89535899D0411,69597,0xbc2d6E7c81E7f35473b3594031FCC4c519fD24Ad,0,0x91b6553e62df750ad850d9865da4a16d1f48f621,1,298000000000000,74686403,142201,4923130,1742981011,0xa4ba13630beeb4ea7f96cfa32aa4789950e3a7a76adbf42794acd9f88b2e5192,NewSale
0x80fe121B69163E17bd4e9CC573652e29E48fa4ae,74334,0xbc2d6E7c81E7f35473b3594031FCC4c519fD24Ad,0,0x91b6553e62df750ad850d9865da4a16d1f48f621,1,298000000000000,74907968,142201,4923141,1742981033,0x1f751c5bf0178d3afb92ce004dc9adb17874de84ace02b739fd130db38ee7f8b,NewSale
0x578814d6eE4860F6F920FB81B45C51134C3dCc83,74370,0xbc2d6E7c81E7f35473b3594031FCC4c519fD24Ad,1,0x0be019783b9d2c0fa14165c82f22f0fbebd5410a,1,289000000000000,74970241,152890,4923175,1742981101,0xdb359299d009e35c7aeee18835311e262ee28c66bdc2074d420ea1579f5b3549,NewSale
0xC0DEc165A5d6e6766Fbc35c977f89535899D0411,74261,0xbc2d6E7c81E7f35473b3594031FCC4c519fD24Ad,0,0x406615789d055e9cb2a30e4d7d515c53b33d7737,1,287500000000000,78872648,142201,4923176,1742981103,0x5efe7f1dd6dbd6b53beda3421a8a352f3113ab768bf22fec938ba0d8203d81aa,NewSale
0x9bb33fD5F705AFcEa9F7f72E14633182f839638E,74377,0xbc2d6E7c81E7f35473b3594031FCC4c519fD24Ad,1,0x50d00e0f7d0e56fc52d53b90d585b4c85d2f9c23,1,289000000000000,78639538,152890,4923182,1742981115,0x05e007473dd7ba423c717580ff1479bd8a09572c0e4316e4061f8092a377fa68,NewSale
0x80fe121B69163E17bd4e9CC573652e29E48fa4ae,74328,0xbc2d6E7c81E7f35473b3594031FCC4c519fD24Ad,0,0x057390c37c61c606e015f09c4d41b4663c55729c,1,288000000000000,73720000,142189,4923300,1742981351,0xba81edbfb937fa8bc283d6d454af70f3ea466c35066993203165b5708ebd4cb2,NewSale
0x26D5091bf8353f4553dfF080d6687d434dfB6408,74307,0xbc2d6E7c81E7f35473b3594031FCC4c519fD24Ad,1,0xfb3e09efe6a8f217ecd5a56a7181faeafea4b0ba,1,560000000000000,73720000,159289,4923304,1742981359,0x6223529b5d5b98e897c140105b3ed712036e212fd342cc048aa3549f8379764f,NewSale
0xC0DEc165A5d6e6766Fbc35c977f89535899D0411,74261,0xbc2d6E7c81E7f35473b3594031FCC4c519fD24Ad,0,0xf36d7d91d0dd77da10a5b39fc25e6e86cceeba0b,1,287500000000000,73580000,159301,4923311,1742981373,0xd031f9add63f32088671afff7625825f5c3112c2eda375058164d07ea65f5084,NewSale
0x80fe121B69163E17bd4e9CC573652e29E48fa4ae,74334,0xbc2d6E7c81E7f35473b3594031FCC4c519fD24Ad,0,0xd067b8fd4b9ec1b50f4d1841eaffb2833be2bed2,1,298000000000000,73600942,142201,4923324,1742981399,0xbdf456b74dff025d8b910d05c4660696aef4deec2f727edcfe80da8da834c9c8,NewSale
0x80fe121B69163E17bd4e9CC573652e29E48fa4ae,74328,0xbc2d6E7c81E7f35473b3594031FCC4c519fD24Ad,0,0xf36d7d91d0dd77da10a5b39fc25e6e86cceeba0b,1,288000000000000,73510000,142189,4923324,1742981399,0xbf180ed9638dd1e7a04d0897b5c476e74d841a58144d574967c22f4efcca38c0,NewSale
0xFB3E09efe6A8f217Ecd5A56a7181FaEAFeA4b0ba,74105,0xdc0F91C5a4D200FfC21658901c77c0fE1A14d199,0,0x231bd6a778f7d2b2513eaa3aa6e01f4b9e396be3,1,480000000000000,73671340,145371,4923325,1742981401,0x5361d73f0631107c93fed8f29ff2deb310a2b76e1f3a20e156b083f21e78de8b,NewSale
0x2aC59b7AF734834c30C61F703eBc9dC337dC1CBD,73814,0x7e5F161dd824d98AC3474eBf550716d0cb83E8C6,1,0x3a8b5a0e45b48810d235426029cd07f4ea6c907d,1,500000000000000,77554605,162483,4923327,1742981405,0xf2a27327cb57e5b16d4608ede49cb4440547aed81c3676c88e5cdad0d508a198,NewSale
0x80fe121B69163E17bd4e9CC573652e29E48fa4ae,74328,0xbc2d6E7c81E7f35473b3594031FCC4c519fD24Ad,0,0xf36d7d91d0dd77da10a5b39fc25e6e86cceeba0b,1,288000000000000,73570000,142189,4923339,1742981429,0xf533648700499a3fa84855d6d9aac955a75bf3e1092438050c816a509d194de3,NewSale
0xC0DEc165A5d6e6766Fbc35c977f89535899D0411,70984,0xbc2d6E7c81E7f35473b3594031FCC4c519fD24Ad,0,0xf36d7d91d0dd77da10a5b39fc25e6e86cceeba0b,1,289990000000000,73580000,142201,4923353,1742981457,0x96573b45c1b208eac631149ddd50a62741669556d0d96f4a4069f3d55db8933d,NewSale
0x5037ec1560AA918e8f9E2405D8590F8Fd3BA6658,74376,0xbc2d6E7c81E7f35473b3594031FCC4c519fD24Ad,0,0xf36d7d91d0dd77da10a5b39fc25e6e86cceeba0b,1,297900000000000,73450000,140590,4923366,1742981483,0x125f0f72bd56e73ece232a14fbe93d44a260f7d40fe0c352691ed04f34e4aecd,NewSale
0x80fe121B69163E17bd4e9CC573652e29E48fa4ae,74328,0xbc2d6E7c81E7f35473b3594031FCC4c519fD24Ad,0,0xf36d7d91d0dd77da10a5b39fc25e6e86cceeba0b,1,288000000000000,73070000,142189,4923380,1742981511,0xfb0832698d8bb04127862ae40cdd7c0edfc271a68b77c8c53c68643ed3e13127,NewSale
0xC0DEc165A5d6e6766Fbc35c977f89535899D0411,74261,0xbc2d6E7c81E7f35473b3594031FCC4c519fD24Ad,0,0xf36d7d91d0dd77da10a5b39fc25e6e86cceeba0b,1,287500000000000,72700000,142201,4923396,1742981543,0xe9c6589dc164d9b576a15efc96a73530284546d0bf55d18190e9c3af18ef7a77,NewSale
0xEf337fCb488E80e3DD594C03F35e7d712694960C,74356,0xbc2d6E7c81E7f35473b3594031FCC4c519fD24Ad,1,0x406615789d055e9cb2a30e4d7d515c53b33d7737,1,289000000000000,71747906,135790,4923401,1742981553,0xef2c21c22ee09fd017f9a0420e8bda9fc608f9e3f94d3010b4ed4aa2ea2ec78e,NewSale
0x057390c37c61C606e015F09c4D41B4663C55729c,74386,0xbc2d6E7c81E7f35473b3594031FCC4c519fD24Ad,0,0xf36d7d91d0dd77da10a5b39fc25e6e86cceeba0b,1,280000000000000,71910000,140578,4923409,1742981569,0x7348d6298699a2e5a5c9544d1eec4a52bac500c240cf181b6b08fb1454efee68,NewSale
0x26D5091bf8353f4553dfF080d6687d434dfB6408,74307,0xbc2d6E7c81E7f35473b3594031FCC4c519fD24Ad,1,0xfb3e09efe6a8f217ecd5a56a7181faeafea4b0ba,1,560000000000000,71910000,135778,4923409,1742981569,0xf635a781107b05439f5f1d7a6cead23e0aa23aefba4fb35478338956e57dea1a,NewSale
0x62103267FBb66266Ed35DfBcaEC3526bC18d258B,74367,0xdc0F91C5a4D200FfC21658901c77c0fE1A14d199,0,0x7749e6382141f1979cefe82c3e16d0156edc1f23,1,550000000000000,70821353,145383,4923417,1742981585,0xde3599aea011e23ca6354d7b7007ff0e90cdc55519f604ccb69a8b3674bd6cd4,NewSale
0xC0DEc165A5d6e6766Fbc35c977f89535899D0411,74261,0xbc2d6E7c81E7f35473b3594031FCC4c519fD24Ad,0,0xf36d7d91d0dd77da10a5b39fc25e6e86cceeba0b,1,287500000000000,71120000,142201,4923422,1742981595,0x9114445affab576b7ef905439044d6e6465b7192aaa4536676f1f43851c42f7d,NewSale
0x42B0A3c7F94A9ee4AC3E2242Ec8031f45DF7F589,74392,0xbc2d6E7c81E7f35473b3594031FCC4c519fD24Ad,0,0x76ebe60bc558ccc8f02659d174fc01542088d2f8,1,210000000000000,70440000,140578,4923446,1742981643,0x8f723ef00721c3115a23b2531210e35846b1dd2578f02040572cd2c7c9e7e0b7,NewSale
0x880b4adC022F8bf625193B6e8A1808c2F94a92cC,74381,0xbc2d6E7c81E7f35473b3594031FCC4c519fD24Ad,1,0x51e9f7fde83e6f89ec86994d02bd0c082e3db820,1,300000000000000,70440000,152890,4923450,1742981651,0xccbd2df6e94e53883c8586f7d679d2591dc1ac381bc4a0b52aafb8b1223ec028,NewSale
0xC0DEc165A5d6e6766Fbc35c977f89535899D0411,74261,0xbc2d6E7c81E7f35473b3594031FCC4c519fD24Ad,0,0x29c4285346af56414e52d268b01f57842c0d227f,1,287500000000000,69732604,142201,4923463,1742981677,0xd0f41e8447084acf805368ee3e3e3dd6c69ea68c3c7ad0a6d32f55c4a4abd1f0,NewSale
0xC0DEc165A5d6e6766Fbc35c977f89535899D0411,74261,0xbc2d6E7c81E7f35473b3594031FCC4c519fD24Ad,0,0x4baa0c178a8f962316c2ff1cc9bea00bf0532a1e,1,287500000000000,69436118,159301,4923492,1742981735,0x7d8cce661055cbbe70ad39624d8a15ff09cfde4bea562846a8bf910a19d9d1d0,NewSale
0x42B0A3c7F94A9ee4AC3E2242Ec8031f45DF7F589,74394,0xbc2d6E7c81E7f35473b3594031FCC4c519fD24Ad,0,0x76ebe60bc558ccc8f02659d174fc01542088d2f8,1,210000000000000,69570000,140578,4923497,1742981745,0x8adc74054125943294e82ef13909dd8eab398c8857cd4ce77f9ad884d32c8033,NewSale
0x42B0A3c7F94A9ee4AC3E2242Ec8031f45DF7F589,74397,0xbc2d6E7c81E7f35473b3594031FCC4c519fD24Ad,0,0x76ebe60bc558ccc8f02659d174fc01542088d2f8,1,210000000000000,69060000,140578,4923521,1742981793,0xb0e03d0cbf59c289a3b657a706b5e09bceefcca384ddf53cf7e70ece7136802e,NewSale
0x42B0A3c7F94A9ee4AC3E2242Ec8031f45DF7F589,74405,0xbc2d6E7c81E7f35473b3594031FCC4c519fD24Ad,0,0x76ebe60bc558ccc8f02659d174fc01542088d2f8,1,210000000000000,68790000,135778,4923554,1742981859,0x4181fe16b56ae8f7ebb2beb95e96889a0f8e135cf0373ddd592e573cf1ea044b,NewSale
0x30434D04B42901a5B69DD5Cc98B4883005801bF6,74404,0xbc2d6E7c81E7f35473b3594031FCC4c519fD24Ad,1,0x7749e6382141f1979cefe82c3e16d0156edc1f23,1,280000000000000,68627024,135778,4923562,1742981875,0x665ae2dae4663657315cb4e37cef9cfc92f7c1d9b443d4587373171195a999f1,NewSale
0x8A50dEB4AA603BdbDeA9c99e204518cA23b71D2a,74184,0xdc0F91C5a4D200FfC21658901c77c0fE1A14d199,0,0x3894eb8428dc2abf0782d2d2352c87c86dfb7c35,1,600000000000000,68281514,145383,4923578,1742981907,0x2f4133caa3023917add4caac0dab7963e957b795328574aa2816964346efddaf,NewSale
0x42B0A3c7F94A9ee4AC3E2242Ec8031f45DF7F589,74407,0xbc2d6E7c81E7f35473b3594031FCC4c519fD24Ad,1,0x76ebe60bc558ccc8f02659d174fc01542088d2f8,1,240000000000000,68280000,157666,4923584,1742981919,0x2f218085578e631c757b6fcccf2d96c6c8341caaeccb7dc23f3dae66b63735f4,NewSale
0xC0DEc165A5d6e6766Fbc35c977f89535899D0411,74261,0xbc2d6E7c81E7f35473b3594031FCC4c519fD24Ad,0,0x7749e6382141f1979cefe82c3e16d0156edc1f23,1,287500000000000,67625750,142201,4923599,1742981949,0x3574313a39d06f702ae36d6049157dfbb7c033c510b2edfac2e79709fb9a73ae,NewSale
0xC0DEc165A5d6e6766Fbc35c977f89535899D0411,74261,0xbc2d6E7c81E7f35473b3594031FCC4c519fD24Ad,0,0x4baa0c178a8f962316c2ff1cc9bea00bf0532a1e,1,287500000000000,67341913,142201,4923609,1742981969,0xd72316f7b9f258219664a1d60f6c17f4a4188af36039ee617ece515211ea0569,NewSale
0x42B0A3c7F94A9ee4AC3E2242Ec8031f45DF7F589,74410,0xbc2d6E7c81E7f35473b3594031FCC4c519fD24Ad,1,0x76ebe60bc558ccc8f02659d174fc01542088d2f8,1,200000000000000,67340000,135778,4923619,1742981989,0x6ba1645dbe79cc5f7cf51214bba1d5ba4db97448b5c1983f4d6bc7c8c4b46561,NewSale
0x64f7C019021aC74A68D90D08491Ca43b2a632E71,74305,0xbc2d6E7c81E7f35473b3594031FCC4c519fD24Ad,1,0x529f71b8285ecbabf59359e9284e98ad05e683e7,1,15200000000000000000,66373889,161354,4923629,1742982009,0xfec9c9f74de266c7801fc7dd092a634a2546d14a5fc1fef5a2647ff4f4a9583b,NewSale
0xc9828DCb7CaaE7e89e0dAAF814fAb714aC5bb6fC,72328,0xdc0F91C5a4D200FfC21658901c77c0fE1A14d199,0,0x3894eb8428dc2abf0782d2d2352c87c86dfb7c35,1,650000000000000,66286742,150183,4923646,1742982043,0x6f0e0f4247099e0fa8eb102bc67ed06e5726ec87e3f60b9bcd3747f42f1e8202,NewSale
0x64f7C019021aC74A68D90D08491Ca43b2a632E71,74305,0xbc2d6E7c81E7f35473b3594031FCC4c519fD24Ad,1,0x529f71b8285ecbabf59359e9284e98ad05e683e7,1,15200000000000000000,66137402,161354,4923649,1742982049,0x53e47c835f6a6821d70d10cf677a83638cfa5e101b73a7957c93bbaf9a3b4ba5,NewSale
0xc9828DCb7CaaE7e89e0dAAF814fAb714aC5bb6fC,72327,0xdc0F91C5a4D200FfC21658901c77c0fE1A14d199,0,0x3894eb8428dc2abf0782d2d2352c87c86dfb7c35,1,650000000000000,65916870,150183,4923658,1742982067,0xf7ffc8c398fda07ae8b22fff8315e68c9475b1613e2ac06c4392e655f4ae769d,NewSale
0x64f7C019021aC74A68D90D08491Ca43b2a632E71,74305,0xbc2d6E7c81E7f35473b3594031FCC4c519fD24Ad,1,0x529f71b8285ecbabf59359e9284e98ad05e683e7,1,15200000000000000000,65955401,161354,4923670,1742982091,0x30f4d2a43e2b230f364b364730f557b60a211beca6c207b00faf2092b8b74d0f,NewSale
0xc9828DCb7CaaE7e89e0dAAF814fAb714aC5bb6fC,72320,0xdc0F91C5a4D200FfC21658901c77c0fE1A14d199,0,0x3894eb8428dc2abf0782d2d2352c87c86dfb7c35,1,650000000000000,65888291,150183,4923671,1742982093,0x652b9497bf37863988858d4ba5f47ec5d695eba897ca4c5a7f40338a304d7e6c,NewSale
0xc9828DCb7CaaE7e89e0dAAF814fAb714aC5bb6fC,72317,0xdc0F91C5a4D200FfC21658901c77c0fE1A14d199,0,0x3894eb8428dc2abf0782d2d2352c87c86dfb7c35,1,650000000000000,65580893,150183,4923683,1742982117,0x0c33211da76c62f1decacaefaeb848d5b2d577d9121379b7afb9e31a9cdf35a8,NewSale
0x64f7C019021aC74A68D90D08491Ca43b2a632E71,74305,0xbc2d6E7c81E7f35473b3594031FCC4c519fD24Ad,1,0x529f71b8285ecbabf59359e9284e98ad05e683e7,1,15200000000000000000,65102065,161354,4923690,1742982131,0x081195b474b7807311afdb9ff4a1a16fc4acef96ef0f7a252cfa19636728e7f5,NewSale
0x64f7C019021aC74A68D90D08491Ca43b2a632E71,74305,0xbc2d6E7c81E7f35473b3594031FCC4c519fD24Ad,1,0x529f71b8285ecbabf59359e9284e98ad05e683e7,1,15200000000000000000,64769696,161354,4923710,1742982171,0xc2e71c4a094f47bb01dafce41339d2f042283d62e1d6f2b7c7717de27be6ed83,NewSale
0x42B0A3c7F94A9ee4AC3E2242Ec8031f45DF7F589,74413,0x02e21A25F0038fa5BDEe9c0b77aC0c1E84d3d6f0,1779,0x76ebe60bc558ccc8f02659d174fc01542088d2f8,1,200000000000000,64240000,155246,4923741,1742982233,0x311de58ea9564122b110f71ba102d514a74b52ea722a4e0a8bca0d5c0b4855bf,NewSale
0xd2FF27dC09dFfe29D9eFE7354dD43b54140217d2,74411,0xdc0F91C5a4D200FfC21658901c77c0fE1A14d199,0,0xd2ca85ecb410ec6ab24cc59a89495861b2bd4120,1,530000000000000,64240000,145383,4923742,1742982235,0xdcf455e51e17e5740f0fa78c4c6470ee6efb093c3f00d80f16512c8f0a26e7f0,NewSale
0x64f7C019021aC74A68D90D08491Ca43b2a632E71,74305,0xbc2d6E7c81E7f35473b3594031FCC4c519fD24Ad,1,0x529f71b8285ecbabf59359e9284e98ad05e683e7,1,15200000000000000000,63644186,154943,4923784,1742982319,0xe47fbec3efa552c323a051be48d231f9d365f06336602adf4d38a66e56b325d3,NewSale
0x30C1fd89217Ddb02Ee8547c419eDcB6042404Bd1,74320,0x4489A334E66076933e76337E3eC7376BA84f0864,0,0x920300b3f08b71aa4f397f4decd1af42f130a7ea,1,600000000000000,63324184,162471,4923796,1742982343,0x58826c2f890b813741d34ccda8e0e905ebd7ce3262f1c3da77c68215aab87ade,NewSale
0x42B0A3c7F94A9ee4AC3E2242Ec8031f45DF7F589,74419,0xDfC21bE7cC791a5f03A95E836D385bBC6d7dF384,1208,0x76ebe60bc558ccc8f02659d174fc01542088d2f8,1,210000000000000,63650000,155246,4923804,1742982359,0x65a3c270f411dce1c9d484186c2f87c0028409a602f1002cd24184c83b9439ff,NewSale
0x9f911D7576A7f950Bbf052786f3064B40Dc6b005,74396,0xbc2d6E7c81E7f35473b3594031FCC4c519fD24Ad,1,0x9e3f4c92a3b39f77afa612d2317cc23c2d94c1db,1,289000000000000,125103572,152890,4923805,1742982361,0xff65d433655f8b14a8db61d6308aeb4e75bf552875af1c144e148c42f6ff1009,NewSale
0x26D5091bf8353f4553dfF080d6687d434dfB6408,74357,0x897d1cBBeDC44c8371672e8cA72555b5194D6D86,0,0xbdb37363180305913139b25831fb3664f11ca920,1,1100000000000000,125110000,145399,4923818,1742982387,0x3820f16addfbc284f88b9fffd47e40c67f8f4c3985b8be56f106d99254d6b680,NewSale
0xC0DEc165A5d6e6766Fbc35c977f89535899D0411,74261,0xbc2d6E7c81E7f35473b3594031FCC4c519fD24Ad,0,0x8bd5363687185f302088a3c64d7306442ee04e71,1,287500000000000,62796839,142201,4923822,1742982395,0x03307f350ba4807022e538ea819d477811fb7a413cad5f9c928aa20076ccc58e,NewSale
0xFB3E09efe6A8f217Ecd5A56a7181FaEAFeA4b0ba,74418,0x897d1cBBeDC44c8371672e8cA72555b5194D6D86,0,0xbdb37363180305913139b25831fb3664f11ca920,1,490000000000000,69380000,150199,4923851,1742982453,0x8ec28b82bc4dba73237e12b8d1c93da67fc48fdcae134beba9b9302d3b590014,NewSale
0x60b7349663C08C2707D943232695911777e5c0Aa,74393,0xbc2d6E7c81E7f35473b3594031FCC4c519fD24Ad,1,0x9e3f4c92a3b39f77afa612d2317cc23c2d94c1db,1,289000000000000,125455863,135790,4923859,1742982469,0xb484ba3eedad3222de5f460761d99cd42fe7271c0a0fee2e2fa280993a757fd0,NewSale
0xC0DEc165A5d6e6766Fbc35c977f89535899D0411,74261,0xbc2d6E7c81E7f35473b3594031FCC4c519fD24Ad,0,0x4baa0c178a8f962316c2ff1cc9bea00bf0532a1e,1,287500000000000,125364395,142201,4923863,1742982477,0xadfd08ea74ec084ccb54be1acbfc9ebd1d198164b390d200b7c7b113d105c8cf,NewSale
0xC0DEc165A5d6e6766Fbc35c977f89535899D0411,74261,0xbc2d6E7c81E7f35473b3594031FCC4c519fD24Ad,0,0x30434d04b42901a5b69dd5cc98b4883005801bf6,1,287500000000000,63460000,159301,4923866,1742982483,0xe1f5501fd96083a1c9b7bde3c33464b09bacbe9c9ebb0afa2ce7af8df28f6451,NewSale
0x42B0A3c7F94A9ee4AC3E2242Ec8031f45DF7F589,74424,0x02e21A25F0038fa5BDEe9c0b77aC0c1E84d3d6f0,1777,0x76ebe60bc558ccc8f02659d174fc01542088d2f8,1,211000000000000,63740000,138146,4923869,1742982489,0xb7d7c39594f5cbd9833794237f419d64d8d0eff5d91e6cdc1c9ae16e7e54b5a6,NewSale
0x80fe121B69163E17bd4e9CC573652e29E48fa4ae,74328,0xbc2d6E7c81E7f35473b3594031FCC4c519fD24Ad,0,0x4baa0c178a8f962316c2ff1cc9bea00bf0532a1e,1,288000000000000,125632265,142189,4923882,1742982515,0x50dfa1731f7dfd89f0807a8df07ae3b9758ca6ba027b40af977a870a2beff9ad,NewSale
0xC0DEc165A5d6e6766Fbc35c977f89535899D0411,74261,0xbc2d6E7c81E7f35473b3594031FCC4c519fD24Ad,0,0xbb804d594cdc4cc422f5f2ee394872312e443bec,1,287500000000000,63876231,142201,4923885,1742982521,0x4320461f82f261257b1e2f0f3ddde9a7cd398de700ecfd6b37847eb23be45ceb,NewSale
0xC0DEc165A5d6e6766Fbc35c977f89535899D0411,74261,0xbc2d6E7c81E7f35473b3594031FCC4c519fD24Ad,0,0x18540d7f37179e01ed80e22375e2ccfb10191b7d,1,287500000000000,64068773,142201,4923892,1742982535,0x1c79de285a1a8f81690be183a0c578ad63dbdacb7bb8394d2d77d9d06efe9d58,NewSale
0xA15c8ea5F838BFC1c4480BCcc0fFdCD69931681B,74379,0xbc2d6E7c81E7f35473b3594031FCC4c519fD24Ad,1,0x4baa0c178a8f962316c2ff1cc9bea00bf0532a1e,1,289000000000000,125362920,152890,4923907,1742982565,0x29efa0a2e49acb2d324b378a557422e2b9c362d45bd1a74869866d1bb7c51096,NewSale
0xC0DEc165A5d6e6766Fbc35c977f89535899D0411,74261,0xbc2d6E7c81E7f35473b3594031FCC4c519fD24Ad,0,0xbb804d594cdc4cc422f5f2ee394872312e443bec,1,287500000000000,63638302,142201,4923907,1742982565,0x1873e32aa32ca503cc91efa3c38dd9e52131ce677afc205b074e7e915297211a,NewSale
0x80fe121B69163E17bd4e9CC573652e29E48fa4ae,74328,0xbc2d6E7c81E7f35473b3594031FCC4c519fD24Ad,0,0x18540d7f37179e01ed80e22375e2ccfb10191b7d,1,288000000000000,63470230,142189,4923908,1742982567,0x350f25745dd5375fc81a43b534569ae1b8d1279f1423b96e92d1339815c8e61b,NewSale
0x80fe121B69163E17bd4e9CC573652e29E48fa4ae,74328,0xbc2d6E7c81E7f35473b3594031FCC4c519fD24Ad,0,0x4baa0c178a8f962316c2ff1cc9bea00bf0532a1e,1,288000000000000,125454851,142189,4923919,1742982589,0x4be0e61aece1b20989297e48b3b776ebd135276e707b0eaf95cde2bfa86e82ff,NewSale
0xf0AaAaC241edD32868f1522d752F512B7e6dBb11,74372,0xbc2d6E7c81E7f35473b3594031FCC4c519fD24Ad,1,0x18540d7f37179e01ed80e22375e2ccfb10191b7d,1,289000000000000,63573916,152890,4923922,1742982595,0xdca84f098cb1c15787fc1e3a410c35f91b72fd71cab19779f0473815a1a746ed,NewSale
0xC0DEc165A5d6e6766Fbc35c977f89535899D0411,74261,0xbc2d6E7c81E7f35473b3594031FCC4c519fD24Ad,0,0xbb804d594cdc4cc422f5f2ee394872312e443bec,1,287500000000000,63501504,142201,4923930,1742982611,0x3bbcedf8d13b0b7688d5185f31c88e258807ba6f7461c5586cbbebbcd70a5b49,NewSale
0x42B0A3c7F94A9ee4AC3E2242Ec8031f45DF7F589,74432,0xDfC21bE7cC791a5f03A95E836D385bBC6d7dF384,1245,0x76ebe60bc558ccc8f02659d174fc01542088d2f8,1,200000000000000,66580000,133346,4923946,1742982643,0x0b14f9e4c1e2ce3c0b174144fb6a80908691d316517e207d8eca9aa18b210c3f,NewSale
0x65911e81b664f921453093A90b5F5B1ebE7473ff,74387,0xbc2d6E7c81E7f35473b3594031FCC4c519fD24Ad,1,0x6a717e2ae4f467a23400d5a725118eab61380354,1,289000000000000,126391601,152878,4923952,1742982655,0x88618fdfba3cb030bc1c121e0b7e501d15307008d2ff74d83c7c584a440d2304,NewSale
0x73762fb81ff0C91F7bd925e5b14638E5E16fA947,74430,0xbc2d6E7c81E7f35473b3594031FCC4c519fD24Ad,1,0xbb804d594cdc4cc422f5f2ee394872312e443bec,1,279000000000000,64064527,157678,4923954,1742982659,0xe0b117abd4b6e1793a774ce46d76ba1b2e7f75e21b9ecbc3e8de5a1b897ec441,NewSale
0xC0DEc165A5d6e6766Fbc35c977f89535899D0411,74261,0xbc2d6E7c81E7f35473b3594031FCC4c519fD24Ad,0,0x9025317b78d50c3ca3a72f5c29dddba989175e55,1,287500000000000,64120327,142201,4923966,1742982683,0x5014a6c2537602a472645c271a4f3b86db51580ea40854d2e4eaffdec945a429,NewSale
0x73762fb81ff0C91F7bd925e5b14638E5E16fA947,74436,0xbc2d6E7c81E7f35473b3594031FCC4c519fD24Ad,1,0xbb804d594cdc4cc422f5f2ee394872312e443bec,1,279000000000000,64113503,140578,4923977,1742982705,0x158b4b7785b2966ba10c32bc37e74c79c7930cd14670e42fb552506bfc6ee6d4,NewSale
0xC0DEc165A5d6e6766Fbc35c977f89535899D0411,74261,0xbc2d6E7c81E7f35473b3594031FCC4c519fD24Ad,0,0x187666f6b83db22940dcb91cae0641f846c53a55,1,287500000000000,64112796,142201,4923987,1742982725,0x99ab2bba48b4ba314a60a9864ed200b9bf7fa2eb1d25191fb42f3c8f184653d0,NewSale
0x5ff2A8badBa050C14528A3442789BCF22484c9fa,74433,0xbc2d6E7c81E7f35473b3594031FCC4c519fD24Ad,0,0x9025317b78d50c3ca3a72f5c29dddba989175e55,1,286000000000000,63851988,140590,4923997,1742982745,0xd94dcfaae7d425fe83d43a552a2716c9680585bb392d38a80324e96342fdad1a,NewSale
0x9BD51E7A12764657d9189433Aaa08589f9a73C49,74438,0xbc2d6E7c81E7f35473b3594031FCC4c519fD24Ad,0,0x6a717e2ae4f467a23400d5a725118eab61380354,1,286000000000000,126703729,157678,4924006,1742982763,0x83d58cb57fc1493dcbb3532cd673fd0e2e66148b2eba80088c1a5a18844dc291,NewSale
0x916C0439fD3863C3b9A0124dB639386B7cf9966a,74434,0xbc2d6E7c81E7f35473b3594031FCC4c519fD24Ad,0,0x9025317b78d50c3ca3a72f5c29dddba989175e55,1,286000000000000,63676093,140590,4924018,1742982787,0xeafd26ec3d13d894846ad41cc15f7e58d967f78db7f6bd6f5f22f80b12d1c65a,NewSale
0xDca443F49CED4e752357F8aF4BDcB632425B29B4,74388,0xbc2d6E7c81E7f35473b3594031FCC4c519fD24Ad,1,0x9e3f4c92a3b39f77afa612d2317cc23c2d94c1db,1,289000000000000,126270741,135790,4924025,1742982801,0x58ace5a06554bb6dd8fbdc1ce56c6a2d57ff1897c763d33bee3a67915f61ef7f,NewSale
0x30434D04B42901a5B69DD5Cc98B4883005801bF6,74437,0xbc2d6E7c81E7f35473b3594031FCC4c519fD24Ad,0,0x6a717e2ae4f467a23400d5a725118eab61380354,1,300000000000000,126323677,135778,4924026,1742982803,0xc1e1e19fcc99f53a7d13632fdf8e02d45980ce55d93066d85d414e38d42aaea9,NewSale
0x0E50aC716f64aB2b97610dbea33eA9CaD6280814,74353,0xbc2d6E7c81E7f35473b3594031FCC4c519fD24Ad,0,0x76ebe60bc558ccc8f02659d174fc01542088d2f8,1,400000000000000,64370000,135778,4924029,1742982809,0x21eb5e56b57d5b383f9a2e94c603a8c1bdfbdf6e8fd92601cd8d684487dadd59,NewSale
0x5ff2A8badBa050C14528A3442789BCF22484c9fa,74435,0xbc2d6E7c81E7f35473b3594031FCC4c519fD24Ad,0,0x9025317b78d50c3ca3a72f5c29dddba989175e55,1,286000000000000,63528474,140590,4924036,1742982823,0xb4a429a1f1c185883dd51c471662c59523236508f5d6a42d216cee15454e5c86,NewSale
0xeF0Ef28b882d166B732d00A01Ea762B9CCd3FE44,74456,0xbc2d6E7c81E7f35473b3594031FCC4c519fD24Ad,1,0x9025317b78d50c3ca3a72f5c29dddba989175e55,1,280000000000000,62766301,159289,4924057,1742982865,0x81be0226fb172161b929ae08956ff8f05cf90518bf39a866c6ea38fea5452024,NewSale
0x2f8798D7B59342456380f1FDdC2b4692028F3F38,74461,0xbc2d6E7c81E7f35473b3594031FCC4c519fD24Ad,0,0x18540d7f37179e01ed80e22375e2ccfb10191b7d,1,200000000000000,62592049,140578,4924069,1742982889,0xdeee98664f04b8a68c97e517db3310080da3335a87dcfd92edfc6c4f9d111898,NewSale
0xeF0Ef28b882d166B732d00A01Ea762B9CCd3FE44,74456,0xbc2d6E7c81E7f35473b3594031FCC4c519fD24Ad,1,0x8fde8b0a4e534b04612120fceafc82fe06bfa39a,1,280000000000000,123753515,142189,4924075,1742982901,0x07f5a3ab85992f9b5f485e2cb18292b826ed5b2603068034ec2624daf43df747,NewSale
0xC0DEc165A5d6e6766Fbc35c977f89535899D0411,74261,0xbc2d6E7c81E7f35473b3594031FCC4c519fD24Ad,0,0x8fde8b0a4e534b04612120fceafc82fe06bfa39a,1,287500000000000,123706328,142201,4924078,1742982907,0xa8f38b2a00912c8f2c22a8df3c842be8d6bdd8343076f0d87cb65b094c9a0d33,NewSale
0xeF0Ef28b882d166B732d00A01Ea762B9CCd3FE44,74456,0xbc2d6E7c81E7f35473b3594031FCC4c519fD24Ad,1,0x9025317b78d50c3ca3a72f5c29dddba989175e55,1,280000000000000,62163140,142189,4924082,1742982915,0xa0732f17909c35f975a1ce825e4d2818903cab6bcd7cf273c5f65eaef35ec763,NewSale
0x73762fb81ff0C91F7bd925e5b14638E5E16fA947,74464,0xbc2d6E7c81E7f35473b3594031FCC4c519fD24Ad,1,0x18540d7f37179e01ed80e22375e2ccfb10191b7d,1,279000000000000,62110317,135778,4924083,1742982917,0xe149f4776c133bfc86fcc08f88e51036f00dcedab3549fef3d259ce57331aa55,NewSale
0xde527bAd820124E5ECFE4d1DDcE3D67a9473604E,74468,0xbc2d6E7c81E7f35473b3594031FCC4c519fD24Ad,0,0x18540d7f37179e01ed80e22375e2ccfb10191b7d,1,280000000000000,61918956,140578,4924098,1742982947,0x2839e1c369c679fd609d0eef77c04bdf6a001c13cb914c14dab6e7b003969c06,NewSale
0x916C0439fD3863C3b9A0124dB639386B7cf9966a,74440,0xbc2d6E7c81E7f35473b3594031FCC4c519fD24Ad,0,0x18540d7f37179e01ed80e22375e2ccfb10191b7d,1,286000000000000,61544270,140590,4924112,1742982975,0x3adb5d8d63a81702cd37bcb927277e973aa28d75baa0e9a3c6b70f70da3da1a7,NewSale
0x5ff2A8badBa050C14528A3442789BCF22484c9fa,74442,0xbc2d6E7c81E7f35473b3594031FCC4c519fD24Ad,0,0x18540d7f37179e01ed80e22375e2ccfb10191b7d,1,286000000000000,61428216,140590,4924127,1742983005,0xd06b3d68a452ce19ccc05f0687b0234eb5ee907b835679e7fa347204cf42972e,NewSale
0xeF0Ef28b882d166B732d00A01Ea762B9CCd3FE44,74456,0xbc2d6E7c81E7f35473b3594031FCC4c519fD24Ad,1,0x187666f6b83db22940dcb91cae0641f846c53a55,1,280000000000000,61279980,159289,4924129,1742983009,0xfe91a72d7be4118085b6144f2b8518c48f646f8ffe55190ac0373c0733cbfee5,NewSale
0xdcDF27DE8A434a2F0ecb83b6A0f1FE058Fc0Eb2C,74391,0xbc2d6E7c81E7f35473b3594031FCC4c519fD24Ad,1,0x18540d7f37179e01ed80e22375e2ccfb10191b7d,1,289000000000000,60978081,135790,4924142,1742983035,0x15d0b7b057ae4e94f8faa03a56a79425c5d42d28d2ea9fc962ac5c9f752a8523,NewSale
0x4CD4adff5204b03fc3aBb3543a339d2D4098FBf3,74383,0xbc2d6E7c81E7f35473b3594031FCC4c519fD24Ad,1,0x18540d7f37179e01ed80e22375e2ccfb10191b7d,1,289000000000000,60365701,135790,4924158,1742983067,0x08c58029c14721bea8e4bdc119cf239a736b4b253ce98637fc9136bd71766e17,NewSale
0x2f8798D7B59342456380f1FDdC2b4692028F3F38,74473,0xbc2d6E7c81E7f35473b3594031FCC4c519fD24Ad,0,0xa00f9c974010f0474cea099c68e318503739aa90,1,250000000000000,68975866,157678,4924164,1742983079,0x59f64bd23cb6fa9f0c49479e239c46ba9b9244d1113bd31d2ea67a6c418bb77c,NewSale
0x8A50dEB4AA603BdbDeA9c99e204518cA23b71D2a,74441,0xdc0F91C5a4D200FfC21658901c77c0fE1A14d199,0,0x711179893a844e946c06b3b9da8228ad0a15aa4d,1,600000000000000,118632485,145383,4924178,1742983107,0xc85865347dca94c2579c3b9ae8ea227ef6d114207ec3e78bb6a278ad3b296271,NewSale
0x0b5585E48b7C797dF87c475d98BCbb3001141C1f,74384,0xbc2d6E7c81E7f35473b3594031FCC4c519fD24Ad,1,0x18540d7f37179e01ed80e22375e2ccfb10191b7d,1,289000000000000,59773957,135790,4924185,1742983121,0x3c48d006c51e8eeff56d33dace0e0663822165467534ddecfa0167114f397608,NewSale
0x9BD51E7A12764657d9189433Aaa08589f9a73C49,74460,0xbc2d6E7c81E7f35473b3594031FCC4c519fD24Ad,0,0x9e3f4c92a3b39f77afa612d2317cc23c2d94c1db,1,286000000000000,118133481,140590,4924191,1742983133,0xc09542a8e5a8b36ed7d36a1a55e4ba91bf32748cf020eaeab65a77914c56c684,NewSale
0x7216f5384dbc9e61f37349f3C08fb1Bd55e29EA9,74491,0xbc2d6E7c81E7f35473b3594031FCC4c519fD24Ad,0,0x34698dd9b5699900d877548704a43fc64f456e40,1,1000000000000000000,59600000,180531,4924200,1742983151,0xca647543f7df50e11976583d6754ad929e5de6da0e2fcdbb5137aab2b1e88dc7,NewSale
0x7216f5384dbc9e61f37349f3C08fb1Bd55e29EA9,74494,0xbc2d6E7c81E7f35473b3594031FCC4c519fD24Ad,0,0x34698dd9b5699900d877548704a43fc64f456e40,1,1000000000000000000,58990000,158631,4924227,1742983205,0x9247d51b982c95fefab44f304bea74e8e1f7685b3aeb58ca5e33be2b88029977,NewSale
0x41f07238C5096Eb7eb68c50FE8AE5AdDECBBF5C2,70090,0xbFCACb23F0B41EeEDFf7d04f52CE8f5125150806,0,0x50b959f0efef675750bd3a95f8fa5a5ec70dd37b,1,500000000000000,60700000,164783,4924264,1742983279,0xe25c0e648d734de2797cf87e4b7fb9b18d3a06e31966bfb2d03d30fc4fb0f822,NewSale
0x7216f5384dbc9e61f37349f3C08fb1Bd55e29EA9,74497,0xbc2d6E7c81E7f35473b3594031FCC4c519fD24Ad,0,0x34698dd9b5699900d877548704a43fc64f456e40,1,1000000000000000000,59120000,158631,4924270,1742983291,0x206804b38d2b16d995220e104c72140d01d42445178d8cfd7ad82e05bbe6b4d4,NewSale
0x41f07238C5096Eb7eb68c50FE8AE5AdDECBBF5C2,71503,0xbFCACb23F0B41EeEDFf7d04f52CE8f5125150806,6,0x50b959f0efef675750bd3a95f8fa5a5ec70dd37b,1,500000000000000,59460000,164783,4924300,1742983351,0x4f54694310550e2ae854cd90431d158f73bf5ee30e581abde57f30d7a340d2d0,NewSale
0x529F71B8285ECbabF59359e9284E98AD05e683E7,74453,0xbc2d6E7c81E7f35473b3594031FCC4c519fD24Ad,1,0x64f7c019021ac74a68d90d08491ca43b2a632e71,1,15200000000000000000,60341283,178454,4924307,1742983365,0x16a6970c08627ca52a03d97b88cdba370cafe4c6ebdc14acf65704c0a2311914,NewSale
0x529F71B8285ECbabF59359e9284E98AD05e683E7,74453,0xbc2d6E7c81E7f35473b3594031FCC4c519fD24Ad,1,0x64f7c019021ac74a68d90d08491ca43b2a632e71,1,15200000000000000000,117856195,161354,4924328,1742983407,0x6b0a9e8b4857f95065d874e696de4edc33c97520585719e021851a82fdccbe57,NewSale
0x529F71B8285ECbabF59359e9284E98AD05e683E7,74453,0xbc2d6E7c81E7f35473b3594031FCC4c519fD24Ad,1,0x64f7c019021ac74a68d90d08491ca43b2a632e71,1,15200000000000000000,59370538,161354,4924349,1742983449,0x4ac1935644b6cc8e5e5ee7c22b179bde48b3fe5201d5a814028b58d72e414cba,NewSale
0x41f07238C5096Eb7eb68c50FE8AE5AdDECBBF5C2,73585,0xbFCACb23F0B41EeEDFf7d04f52CE8f5125150806,7,0x50b959f0efef675750bd3a95f8fa5a5ec70dd37b,1,500000000000000,59940000,164783,4924361,1742983473,0x3a593b01bb966b8a3b627fda1c4f5efbb07602087e108fa536ec94c4332b9373,NewSale
0x529F71B8285ECbabF59359e9284E98AD05e683E7,74453,0xbc2d6E7c81E7f35473b3594031FCC4c519fD24Ad,1,0x64f7c019021ac74a68d90d08491ca43b2a632e71,1,15200000000000000000,116928127,161354,4924369,1742983489,0x0544c4e6cf560395a763d09ad35d4c8705049c6185941835543c7d9dd5e22477,NewSale
0x529F71B8285ECbabF59359e9284E98AD05e683E7,74453,0xbc2d6E7c81E7f35473b3594031FCC4c519fD24Ad,1,0x64f7c019021ac74a68d90d08491ca43b2a632e71,1,15200000000000000000,116954385,161354,4924389,1742983529,0x44fcad9ff07b46b3b57afb2ec29c5cd90cec632bb21c79aa3f4944ef45b1bd92,NewSale
0xeF0Ef28b882d166B732d00A01Ea762B9CCd3FE44,74456,0xbc2d6E7c81E7f35473b3594031FCC4c519fD24Ad,1,0xcaaa1783c795a174bef36fa915f656bb479a0cd8,1,280000000000000,59940000,159289,4924393,1742983537,0x1f19a65f817f4f8b1baab9ec403f1f5fe982a6cf5afe0b55653370744fe54395,NewSale
0x41f07238C5096Eb7eb68c50FE8AE5AdDECBBF5C2,73590,0xbFCACb23F0B41EeEDFf7d04f52CE8f5125150806,7,0x50b959f0efef675750bd3a95f8fa5a5ec70dd37b,1,500000000000000,59740000,147683,4924395,1742983541,0x19b86b3f28ff09b51987e528f19083224549f944a3a87b8e7dc48e0a9a1032f5,NewSale
0x0d10a41CB8cf5FEEB00be965f373c7517A57d93C,74508,0x02e21A25F0038fa5BDEe9c0b77aC0c1E84d3d6f0,1586,0xe4f4baed82d30f2244fe1722aeda37def4b38ddc,1,200000000000000,58720224,155246,4924401,1742983553,0x89fbef68416a92db9fa04448ae2df3257cf0373365c6b7bb8c8b431dbeb095ff,NewSale
0x529F71B8285ECbabF59359e9284E98AD05e683E7,74453,0xbc2d6E7c81E7f35473b3594031FCC4c519fD24Ad,1,0x64f7c019021ac74a68d90d08491ca43b2a632e71,1,15200000000000000000,64522417,161354,4924410,1742983571,0xf6b21f31e612558bb053236abebdd7c880f7e02bfb53f2463a9e4a8183d5e099,NewSale
0x0d10a41CB8cf5FEEB00be965f373c7517A57d93C,74517,0x02e21A25F0038fa5BDEe9c0b77aC0c1E84d3d6f0,1582,0xe4f4baed82d30f2244fe1722aeda37def4b38ddc,1,190000000000000,58384138,138146,4924423,1742983597,0x8cad6a27350eb5897af4cd1732b0df5aa1a70f13619a6219cd2224cce16e66d2,NewSale
0x529F71B8285ECbabF59359e9284E98AD05e683E7,74453,0xbc2d6E7c81E7f35473b3594031FCC4c519fD24Ad,1,0x64f7c019021ac74a68d90d08491ca43b2a632e71,1,15200000000000000000,115444583,161354,4924430,1742983611,0x11d201bdfc495832ca24f8c4c9999426fff2a5212972f54f8f516afd94d51cae,NewSale
0x0d10a41CB8cf5FEEB00be965f373c7517A57d93C,74524,0x02e21A25F0038fa5BDEe9c0b77aC0c1E84d3d6f0,1585,0xe4f4baed82d30f2244fe1722aeda37def4b38ddc,1,180000000000000,57885922,138146,4924438,1742983627,0x4f70d648f096d196aadedeb3420ae729bafcc73c1b40df8da6b1f1501e038a44,NewSale
0x86bB7A3Fac280460042A2fe62e6f8E4BB2b69139,74420,0xdc0F91C5a4D200FfC21658901c77c0fE1A14d199,0,0x4a68a4fdf27196c8e7ac67a15d9c8f2cf43387e3,1,620000000000000,57754452,150183,4924438,1742983627,0x94787ca71dfb69cb4059491777b03d09ef341eb579cebb541ebd0318a4bb0568,NewSale
0x529F71B8285ECbabF59359e9284E98AD05e683E7,74453,0xbc2d6E7c81E7f35473b3594031FCC4c519fD24Ad,1,0x64f7c019021ac74a68d90d08491ca43b2a632e71,1,15200000000000000000,114091818,161354,4924451,1742983653,0x72551de4b3eb2ab18a285753b7a3ea42de37747e804f60034c754cd82c40c73d,NewSale
0x2f8798D7B59342456380f1FDdC2b4692028F3F38,74519,0xbc2d6E7c81E7f35473b3594031FCC4c519fD24Ad,0,0x3a8b5a0e45b48810d235426029cd07f4ea6c907d,1,250000000000000,114112414,140578,4924457,1742983665,0x9f5f9eaa619f7d6822ec5c56c1c6e87e002c48c5eac043e79efe75ac2200635f,NewSale
0x529F71B8285ECbabF59359e9284E98AD05e683E7,74453,0xbc2d6E7c81E7f35473b3594031FCC4c519fD24Ad,1,0x64f7c019021ac74a68d90d08491ca43b2a632e71,1,15200000000000000000,57596812,161354,4924470,1742983691,0x3d34bf4eb2700811b908f551d7ec9285a223787993d2f31e11caabc11d4e825a,NewSale
0x41f07238C5096Eb7eb68c50FE8AE5AdDECBBF5C2,73603,0xbFCACb23F0B41EeEDFf7d04f52CE8f5125150806,4,0x50b959f0efef675750bd3a95f8fa5a5ec70dd37b,1,500000000000000,58640000,164783,4924474,1742983699,0x0b972645545c44e5d3e0c18ebab1f853568a7472276209bc58fcd7ae466869ff,NewSale
0xde527bAd820124E5ECFE4d1DDcE3D67a9473604E,74484,0xbc2d6E7c81E7f35473b3594031FCC4c519fD24Ad,0,0x0eafe2a6ad44652f7537396fca0d3507aa5e93a4,1,280000000000000,56700611,140578,4924476,1742983703,0xe48fbeb469a20e6f09c1dfa8adc794d10e347ac5cc43ca68616eb1ed052e1627,NewSale
0xccadd9d661BB8A8502A98f65620849A132B9d8bd,74500,0xdc0F91C5a4D200FfC21658901c77c0fE1A14d199,0,0x8a50deb4aa603bdbdea9c99e204518ca23b71d2a,1,400000000000000,56738765,145371,4924483,1742983717,0x2aaeeb14f32c95c0b9a9734e49bb7c7c13fe031d919ca7239cd1bc5963b8c78d,NewSale
0x529F71B8285ECbabF59359e9284E98AD05e683E7,74453,0xbc2d6E7c81E7f35473b3594031FCC4c519fD24Ad,1,0x64f7c019021ac74a68d90d08491ca43b2a632e71,1,15200000000000000000,111948791,161354,4924491,1742983733,0xca16bed31dc07c6b2e921587b3abf742748e9c65f8dba58423cf15e05e052a89,NewSale
0x2f8798D7B59342456380f1FDdC2b4692028F3F38,74528,0xbc2d6E7c81E7f35473b3594031FCC4c519fD24Ad,0,0x3a8b5a0e45b48810d235426029cd07f4ea6c907d,1,250000000000000,111809319,140578,4924497,1742983745,0x06ad4afd322de7d8cd7b0fbc6546ef56984c2d1ab11f214857ba7ad56b56cac9,NewSale
0x80fe121B69163E17bd4e9CC573652e29E48fa4ae,74328,0xbc2d6E7c81E7f35473b3594031FCC4c519fD24Ad,0,0x4baa0c178a8f962316c2ff1cc9bea00bf0532a1e,1,288000000000000,111216045,142189,4924504,1742983759,0x0cafdbacb9370b761e580d047f80e840552e1a0aa01d931f52c9d9c86fcd6488,NewSale
0x80fe121B69163E17bd4e9CC573652e29E48fa4ae,74334,0xbc2d6E7c81E7f35473b3594031FCC4c519fD24Ad,0,0xfd1cb38c2f850234623dfb4fcff0e6c7ab0f1891,1,298000000000000,58640000,159301,4924508,1742983767,0x8c0e34b82dca2f73eae19ff7b30b00ccc9e71c1a89b7b7e8a14246a8c7f3fa8c,NewSale
0x529F71B8285ECbabF59359e9284E98AD05e683E7,74453,0xbc2d6E7c81E7f35473b3594031FCC4c519fD24Ad,1,0x64f7c019021ac74a68d90d08491ca43b2a632e71,1,15200000000000000000,55860698,161354,4924511,1742983773,0xc6c41d5d9b4b80266a4cbd4d9864d82c6126420d5d5b4c897d3ec7dcbcd94bfa,NewSale
0xbB804D594cDC4cC422F5f2eE394872312E443BEC,74523,0xbc2d6E7c81E7f35473b3594031FCC4c519fD24Ad,0,0x4baa0c178a8f962316c2ff1cc9bea00bf0532a1e,1,270000000000000,110420990,140578,4924522,1742983795,0xd664f8d84533da3103e599f60fdf65b348ed1c80cd540a78ba2d992293615e23,NewSale
0x529F71B8285ECbabF59359e9284E98AD05e683E7,74453,0xbc2d6E7c81E7f35473b3594031FCC4c519fD24Ad,1,0x64f7c019021ac74a68d90d08491ca43b2a632e71,1,15200000000000000000,109780637,161354,4924531,1742983813,0x3796c9d0c1e951d35f8704f4b964fb271d13169e021959dc52112cdfef221f0e,NewSale
0xbB804D594cDC4cC422F5f2eE394872312E443BEC,74533,0xbc2d6E7c81E7f35473b3594031FCC4c519fD24Ad,0,0x4baa0c178a8f962316c2ff1cc9bea00bf0532a1e,1,265000000000000,109627608,140578,4924535,1742983821,0x41ace1cdbf87139a26d7abb988fd3e9aa5bb6ecf3e3f80f515ad3ff97188f773,NewSale
0xbB804D594cDC4cC422F5f2eE394872312E443BEC,74518,0xbc2d6E7c81E7f35473b3594031FCC4c519fD24Ad,0,0x187666f6b83db22940dcb91cae0641f846c53a55,1,270000000000000,54774497,140578,4924539,1742983829,0xa13d52c47941876df407ff5ebf41900658bacb9caa66a167b502a26963c05190,NewSale
0xbB804D594cDC4cC422F5f2eE394872312E443BEC,74535,0xbc2d6E7c81E7f35473b3594031FCC4c519fD24Ad,0,0x4baa0c178a8f962316c2ff1cc9bea00bf0532a1e,1,265000000000000,108399099,135778,4924549,1742983849,0x85cfd6c3254aaf8b90f554b1e0372299fd4027b6cce38d730cbf625e6378bd1d,NewSale
0x73762fb81ff0C91F7bd925e5b14638E5E16fA947,74421,0xbc2d6E7c81E7f35473b3594031FCC4c519fD24Ad,0,0xaa73c989ccc5934a6be831da927c64c22480e8df,1,289000000000000,54410303,140590,4924549,1742983849,0xd5759a92f0e523da7292710c6330875e714e8341b9c0c22f675b7961554761c4,NewSale
0x529F71B8285ECbabF59359e9284E98AD05e683E7,74453,0xbc2d6E7c81E7f35473b3594031FCC4c519fD24Ad,1,0x64f7c019021ac74a68d90d08491ca43b2a632e71,1,15200000000000000000,108230030,161354,4924551,1742983853,0xfd6825331971c7b81f5419622c019cc8d5407fbb4c45cfb1ef5e89500b69d1f8,NewSale
0x529F71B8285ECbabF59359e9284E98AD05e683E7,74453,0xbc2d6E7c81E7f35473b3594031FCC4c519fD24Ad,1,0x64f7c019021ac74a68d90d08491ca43b2a632e71,1,15200000000000000000,107341979,161354,4924571,1742983893,0xfb15cc6b85e4c61942fcb6899aecb9a6b8b4286aaec89fccc0b6e5dd3b31a04a,NewSale
0x73762fb81ff0C91F7bd925e5b14638E5E16fA947,74417,0xbc2d6E7c81E7f35473b3594031FCC4c519fD24Ad,0,0xaa73c989ccc5934a6be831da927c64c22480e8df,1,289000000000000,54090392,140590,4924596,1742983943,0x53ac6d771f3f045506011ded4553e0dfd3ecef6a18b31ab903c5a8b3da3bf9b7,NewSale
0x2f8798D7B59342456380f1FDdC2b4692028F3F38,74536,0xbc2d6E7c81E7f35473b3594031FCC4c519fD24Ad,0,0x3a8b5a0e45b48810d235426029cd07f4ea6c907d,1,250000000000000,106572389,135778,4924630,1742984011,0x64b1da9f578e159165cc10d5650218eebc53e4e1191cf6d6d4d095ebf160d2ff,NewSale
0x41f07238C5096Eb7eb68c50FE8AE5AdDECBBF5C2,71483,0xbFCACb23F0B41EeEDFf7d04f52CE8f5125150806,10,0x50b959f0efef675750bd3a95f8fa5a5ec70dd37b,1,500000000000000,55800000,164783,4924632,1742984015,0xa3f1c720abc2080ac32af9020187d824f130999a8620bfadfa1b0089fae3a00d,NewSale
0x73762fb81ff0C91F7bd925e5b14638E5E16fA947,74415,0xbc2d6E7c81E7f35473b3594031FCC4c519fD24Ad,0,0xaa73c989ccc5934a6be831da927c64c22480e8df,1,289000000000000,53723513,135790,4924641,1742984033,0xf08519a35564ea2b4d09bcd68c29a1d23475db53a69cc74d9586371bc7da5327,NewSale
0x86bB7A3Fac280460042A2fe62e6f8E4BB2b69139,74427,0xdc0F91C5a4D200FfC21658901c77c0fE1A14d199,0,0x146238902fa03ce38fce81763140532fe394d5b8,1,630000000000000,53270000,150183,4924678,1742984107,0x164c06fa82664cc7174b1e2f9c42b4a815951b944f24f3b6ce0ccee3cd41f834,NewSale
0xeF0Ef28b882d166B732d00A01Ea762B9CCd3FE44,74456,0xbc2d6E7c81E7f35473b3594031FCC4c519fD24Ad,1,0xe4f4baed82d30f2244fe1722aeda37def4b38ddc,1,280000000000000,52535646,142189,4924696,1742984143,0x53df7eaf377390049f556eca3bfd5921c38ebd3a41351c66c4237140b3d6fb57,NewSale
0xde527bAd820124E5ECFE4d1DDcE3D67a9473604E,74471,0xbc2d6E7c81E7f35473b3594031FCC4c519fD24Ad,0,0xe4f4baed82d30f2244fe1722aeda37def4b38ddc,1,280000000000000,51987184,140578,4924706,1742984163,0xe532627b3dfb2e204eba8467186ff995c0e10f91b86cdc328725b7f6fb3ab467,NewSale
0x9025317B78D50c3CA3A72f5C29DdDBa989175e55,74509,0xbc2d6E7c81E7f35473b3594031FCC4c519fD24Ad,1,0xaa73c989ccc5934a6be831da927c64c22480e8df,1,280000000000000,51801570,157678,4924719,1742984189,0x4fb37bb996749e40cdc5882c158f8b22ce9c6ff71a282e3d369d7d61120cd683,NewSale
0x2aC59b7AF734834c30C61F703eBc9dC337dC1CBD,73810,0xbFCACb23F0B41EeEDFf7d04f52CE8f5125150806,8,0x50b959f0efef675750bd3a95f8fa5a5ec70dd37b,1,500000000000000,53290000,162483,4924725,1742984201,0xc6595cba84e87aac07210495aa3af545d839a31af0b01f03f18f20d3ac0e8d01,NewSale
0x4baa0c178A8f962316C2FF1CC9BEA00Bf0532a1E,74544,0xbc2d6E7c81E7f35473b3594031FCC4c519fD24Ad,0,0xb6a5fed504df5c3a61b5bf83fb01e5eb1a7f3dbc,1,300000000000000,51331831,140590,4924727,1742984205,0xfe8bc30dc13a24eace866884c6f0c0f64ca003e35f45e82a030f7f492e3033a4,NewSale
0x0d10a41CB8cf5FEEB00be965f373c7517A57d93C,74538,0x02e21A25F0038fa5BDEe9c0b77aC0c1E84d3d6f0,1580,0xe4f4baed82d30f2244fe1722aeda37def4b38ddc,1,180000000000000,50629646,138146,4924756,1742984263,0x4c9ac1fc90f22e5f10a178abf90733895705f8de58ddc1d49abdc0a800e4e7a2,NewSale
0x0E50aC716f64aB2b97610dbea33eA9CaD6280814,74525,0x02e21A25F0038fa5BDEe9c0b77aC0c1E84d3d6f0,1871,0xe4f4baed82d30f2244fe1722aeda37def4b38ddc,1,300000000000000,50370016,138158,4924766,1742984283,0x7653e6cfbf4c2598bd8b9021aae9753861cda9cb1fe056cb65a71b88900a055b,NewSale
0x4baa0c178A8f962316C2FF1CC9BEA00Bf0532a1E,74542,0xbc2d6E7c81E7f35473b3594031FCC4c519fD24Ad,0,0xb6a5fed504df5c3a61b5bf83fb01e5eb1a7f3dbc,1,280000000000000,49966302,140578,4924791,1742984333,0xdfe43c5ac1b3e76c3e7b7fc4c06b55cb2773e0eaf0359f0870dec3a82e6bcca0,NewSale
0xeF0Ef28b882d166B732d00A01Ea762B9CCd3FE44,74456,0xbc2d6E7c81E7f35473b3594031FCC4c519fD24Ad,1,0x187666f6b83db22940dcb91cae0641f846c53a55,1,280000000000000,50055873,142189,4924793,1742984337,0xd58e66b7a66cd1a450f3cb9cccc939034a982af6cdad0c2f6b5572717d31cab8,NewSale
0xf7F262b062b2fc055f6db1A2636Fce506d6558b4,74511,0x2Bf46D4497e98FbA2304B0d2453922FFf559Ea02,60,0xe4f4baed82d30f2244fe1722aeda37def4b38ddc,1,70000000000000,49859280,162471,4924798,1742984347,0x9bfcba40d3233b7ff63801c34a50eec98a67acf806ee4e191eb4f9cbfdf6fd7f,NewSale
0x34698dD9B5699900D877548704A43FC64f456e40,74549,0xbc2d6E7c81E7f35473b3594031FCC4c519fD24Ad,0,0x7216f5384dbc9e61f37349f3c08fb1bd55e29ea9,1,1000000000000000000,50030000,180543,4924804,1742984359,0x53a3ec6db16316a1e259f300e4b82ed0559ad951cce4bf6ec7c6c2245567d250,NewSale
0xf7F262b062b2fc055f6db1A2636Fce506d6558b4,74515,0x2Bf46D4497e98FbA2304B0d2453922FFf559Ea02,57,0xe4f4baed82d30f2244fe1722aeda37def4b38ddc,1,70000000000000,49632730,162471,4924808,1742984367,0x9b4ad74909ddbf232e4db2002dba79a67832793f7a08482762d0ad7522f3c053,NewSale
0x8A50dEB4AA603BdbDeA9c99e204518cA23b71D2a,74520,0xdc0F91C5a4D200FfC21658901c77c0fE1A14d199,0,0x5a3987a667326cbed1a3a327229d44288a3a77b6,1,600000000000000,98173502,167283,4924809,1742984369,0xd7ac1eb727dbb594d45a54c4e2ddcf5ed87d9e94926a237b5e435942054a3d6c,NewSale
0x9025317B78D50c3CA3A72f5C29DdDBa989175e55,74522,0xbc2d6E7c81E7f35473b3594031FCC4c519fD24Ad,0,0xaa73c989ccc5934a6be831da927c64c22480e8df,1,284000000000000,49126658,140590,4924818,1742984387,0x52da4ad2a83976aecc8a72be277b26efde004cb48567310f6f6c66c7a4065454,NewSale
0x9025317B78D50c3CA3A72f5C29DdDBa989175e55,74514,0xbc2d6E7c81E7f35473b3594031FCC4c519fD24Ad,0,0x187666f6b83db22940dcb91cae0641f846c53a55,1,280000000000000,49863626,140578,4924837,1742984425,0x3ba3119aeeb06788a3dd02a13f06c43e3a1769d7952890eee7a5324082643dcc,NewSale
0x34698dD9B5699900D877548704A43FC64f456e40,74551,0xbc2d6E7c81E7f35473b3594031FCC4c519fD24Ad,0,0x7216f5384dbc9e61f37349f3c08fb1bd55e29ea9,1,1000000000000000000,49750000,163443,4924838,1742984427,0xe6be87675cbc56fb6dd9a7f28b2d68a66c84a534009cec5cde492df07651f24a,NewSale
0xeF0Ef28b882d166B732d00A01Ea762B9CCd3FE44,74456,0xbc2d6E7c81E7f35473b3594031FCC4c519fD24Ad,1,0xa61f23023c9937236080840e1e58e0314cc95b58,1,280000000000000,49910569,159289,4924839,1742984429,0xb30128b2435399d2f5f97f3132f0640337917e425f481a9ac08f13fac06c6215,NewSale
0x0E50aC716f64aB2b97610dbea33eA9CaD6280814,74532,0xDfC21bE7cC791a5f03A95E836D385bBC6d7dF384,1312,0xb6a5fed504df5c3a61b5bf83fb01e5eb1a7f3dbc,1,300000000000000,49642671,155258,4924857,1742984465,0x1928688b04945223f3698f3c8defd70154d0b751a4d0890cd6d61cdcb8bf46be,NewSale
0x34698dD9B5699900D877548704A43FC64f456e40,74563,0xbc2d6E7c81E7f35473b3594031FCC4c519fD24Ad,0,0x7216f5384dbc9e61f37349f3c08fb1bd55e29ea9,1,1000000000000000000,49650000,158643,4924867,1742984485,0x97ecca41bf783649dc8efa1f7f5e75eadb801c2b57be73cea26e07c31399768d,NewSale
0x9BD51E7A12764657d9189433Aaa08589f9a73C49,74444,0xbc2d6E7c81E7f35473b3594031FCC4c519fD24Ad,0,0x187666f6b83db22940dcb91cae0641f846c53a55,1,286000000000000,49673946,140590,4924878,1742984507,0x3adcfd81b02862ecfe4a15dcac50c6b4d95352695fb5a2a37d8205703e1f58e0,NewSale
0xeF0Ef28b882d166B732d00A01Ea762B9CCd3FE44,74456,0xbc2d6E7c81E7f35473b3594031FCC4c519fD24Ad,1,0x97746acad994ce94367d705e9ba51b34c7747860,1,280000000000000,49650000,159289,4924887,1742984525,0xae5d0c10f6a10fbc371da88f4c05cf1e8b9652786a1b495465abcac6fe5187db,NewSale
0xeF0Ef28b882d166B732d00A01Ea762B9CCd3FE44,74537,0xbc2d6E7c81E7f35473b3594031FCC4c519fD24Ad,1,0xb6a5fed504df5c3a61b5bf83fb01e5eb1a7f3dbc,1,280000000000000,49550390,159289,4924891,1742984533,0xdf52a08ce469437b48c09e3dff3aa78b1c364403c905221d99e3879418316cbf,NewSale
0x41f07238C5096Eb7eb68c50FE8AE5AdDECBBF5C2,70066,0xbFCACb23F0B41EeEDFf7d04f52CE8f5125150806,2,0x920300b3f08b71aa4f397f4decd1af42f130a7ea,1,500000000000000,49974361,164771,4924897,1742984545,0x0c14196d219b03df6214888be0706aea68dcf8ccf48f4d6d1ffe768b4c1956fc,NewSale
0x77097770B0C9Fb322704dAd5b0bd18eDBa9b1Eae,74557,0xbc2d6E7c81E7f35473b3594031FCC4c519fD24Ad,0,0x187666f6b83db22940dcb91cae0641f846c53a55,1,286000000000000,49729440,140590,4924905,1742984561,0x3a0caa51923f8e02c4e2e569d0d61a378070a38167a078b7caa71e1b6e2540ff,NewSale
0x904e461Dab156B9B4b888951CA633Eda6D684347,74560,0xbc2d6E7c81E7f35473b3594031FCC4c519fD24Ad,0,0xf98590b077e8b86756816ebec7116608d676d53d,1,286000000000000,49612600,157690,4924910,1742984571,0x31d85face3e6b2fd5aee549a973c888d94679eae6b672be8e6a0afb3778aff73,NewSale
0x41f07238C5096Eb7eb68c50FE8AE5AdDECBBF5C2,70071,0xbFCACb23F0B41EeEDFf7d04f52CE8f5125150806,2,0x920300b3f08b71aa4f397f4decd1af42f130a7ea,1,500000000000000,50110562,147671,4924941,1742984633,0x1cef8bcdddfc63076b4e50537ca9ddc8c14dfe0c94c29bc4f88a3feed075bd28,NewSale
0x8cDB213632C06DDB59381242FfFBD8e2c67Ce9a8,74565,0xbc2d6E7c81E7f35473b3594031FCC4c519fD24Ad,0,0x2ff2d5d7f7ec55a305ce94585f3aee2ec30bfe9e,1,286000000000000,50480000,140590,4924944,1742984639,0xc151af7e0f7fff02ab8c32b3efb34ec0a21d2e3e953b9ab2d4b7f0a8453042d1,NewSale
0x7216f5384dbc9e61f37349f3C08fb1Bd55e29EA9,74591,0xbc2d6E7c81E7f35473b3594031FCC4c519fD24Ad,0,0x34698dd9b5699900d877548704a43fc64f456e40,1,1000000000000000000,50230000,180531,4924945,1742984641,0x29fd4e1c2286ebb0728927e81060fb67a31e466372d47772bec31d5b87ee3032,NewSale
0xeF0Ef28b882d166B732d00A01Ea762B9CCd3FE44,74456,0xbc2d6E7c81E7f35473b3594031FCC4c519fD24Ad,1,0xf98590b077e8b86756816ebec7116608d676d53d,1,280000000000000,50300694,157678,4924973,1742984697,0xf9f729dcc6c6e9ef2e2f0468912f1f6521ccdaba446cef6787ba6adab2f16eb9,NewSale
0x7216f5384dbc9e61f37349f3C08fb1Bd55e29EA9,74601,0xbc2d6E7c81E7f35473b3594031FCC4c519fD24Ad,0,0x34698dd9b5699900d877548704a43fc64f456e40,1,1000000000000000000,50310000,163431,4924979,1742984709,0xb527d3c5b0744f58f5013a352db48fd6980e1f86544485a06a476d3938b35247,NewSale
0x77097770B0C9Fb322704dAd5b0bd18eDBa9b1Eae,74559,0xbc2d6E7c81E7f35473b3594031FCC4c519fD24Ad,0,0x187666f6b83db22940dcb91cae0641f846c53a55,1,286000000000000,50895035,140590,4924985,1742984721,0xa99d9ae00ad87ed5e0494dee3b291ccde0c9b2965ba375d980fdedf61fbeeb57,NewSale
0xC0DEc165A5d6e6766Fbc35c977f89535899D0411,74550,0xbc2d6E7c81E7f35473b3594031FCC4c519fD24Ad,0,0x53d3f0fbc9a5005ad2aeb381115dfb9d5462de3a,1,279999990000000,52230877,159289,4925013,1742984777,0x5a85e92f91e3bcddaec64b0226967d33f2dd4de316495df5b512206bf8299c65,NewSale
0x7216f5384dbc9e61f37349f3C08fb1Bd55e29EA9,74604,0xbc2d6E7c81E7f35473b3594031FCC4c519fD24Ad,0,0x34698dd9b5699900d877548704a43fc64f456e40,1,1000000000000000000,52130000,158631,4925015,1742984781,0x96dad7ee24e2f3cb033bf2673cbae5a9afb65001b2caafc41b64da709c3235c3,NewSale
0x9025317B78D50c3CA3A72f5C29DdDBa989175e55,74503,0xbc2d6E7c81E7f35473b3594031FCC4c519fD24Ad,1,0xf98590b077e8b86756816ebec7116608d676d53d,1,280000000000000,52148485,135778,4925016,1742984783,0x187aa0b3d3a7fb9a6fe3f37fa2ac947bf701960d001000de1bca3457ef2c3b53,NewSale
0x41f07238C5096Eb7eb68c50FE8AE5AdDECBBF5C2,71526,0xbFCACb23F0B41EeEDFf7d04f52CE8f5125150806,2,0x920300b3f08b71aa4f397f4decd1af42f130a7ea,1,500000000000000,54344123,147671,4925075,1742984901,0x80f728d4f0063676208bc3b9d61521eac1d14fc1c2083d20f068ff994273417d,NewSale
0xc788d2b232C197FF7A37F638718a24000BA27D0B,74605,0x02e21A25F0038fa5BDEe9c0b77aC0c1E84d3d6f0,1875,0xf98590b077e8b86756816ebec7116608d676d53d,1,250000000000000,54254213,150446,4925081,1742984913,0x04de356847e107afab3c913ed3c76cda589b34a73e3a2c4debdacad9b797aa29,NewSale
0xde527bAd820124E5ECFE4d1DDcE3D67a9473604E,74475,0xbc2d6E7c81E7f35473b3594031FCC4c519fD24Ad,0,0xb6a5fed504df5c3a61b5bf83fb01e5eb1a7f3dbc,1,280000000000000,55579721,140578,4925109,1742984969,0x7ce730caf8c51eb6cd5dd18b2c53640b4eb20721e974e3e651c7b2357e49e2ed,NewSale
0xC0DEc165A5d6e6766Fbc35c977f89535899D0411,74550,0xbc2d6E7c81E7f35473b3594031FCC4c519fD24Ad,0,0xb6a5fed504df5c3a61b5bf83fb01e5eb1a7f3dbc,1,279999990000000,55954037,142201,4925127,1742985005,0x934821814837fa74a9321d7d1a48fee4ed7f8cb9b27a474c4677f1b25bef132b,NewSale
0xeF0Ef28b882d166B732d00A01Ea762B9CCd3FE44,74537,0xbc2d6E7c81E7f35473b3594031FCC4c519fD24Ad,1,0x0eafe2a6ad44652f7537396fca0d3507aa5e93a4,1,280000000000000,56206566,142189,4925134,1742985019,0xcf185a1cb28d995bc9aa4b326df1ab13ae05cecfb5f6940d651c9d728e4cc471,NewSale
0xaa73c989ccc5934a6be831dA927c64c22480e8Df,74606,0xbc2d6E7c81E7f35473b3594031FCC4c519fD24Ad,0,0xb6a5fed504df5c3a61b5bf83fb01e5eb1a7f3dbc,1,285000000000000,56028602,140590,4925143,1742985037,0x778bd81e6032372733629d7996a3cf8ad56fecee0825cd4f1d1d995cde25c6ab,NewSale
0x5ff2A8badBa050C14528A3442789BCF22484c9fa,74469,0xbc2d6E7c81E7f35473b3594031FCC4c519fD24Ad,0,0x0eafe2a6ad44652f7537396fca0d3507aa5e93a4,1,286000000000000,56457981,140590,4925161,1742985073,0x14987da9abedb1445f2a0ee305f2e26e00b79aad95e8c476be81023cecd57520,NewSale
0xaa73c989ccc5934a6be831dA927c64c22480e8Df,74609,0xbc2d6E7c81E7f35473b3594031FCC4c519fD24Ad,0,0xb6a5fed504df5c3a61b5bf83fb01e5eb1a7f3dbc,1,285000000000000,56357981,140590,4925161,1742985073,0x8b9e464f0533be8303ff5d0173231616dd3a342eb3324d112c84f763d2c31b07,NewSale
0xFB3E09efe6A8f217Ecd5A56a7181FaEAFeA4b0ba,74061,0x0c951D9e6EC40FB01007AA8463a98a4C8829874d,0,0x920300b3f08b71aa4f397f4decd1af42f130a7ea,1,480000000000000,56552595,162459,4925203,1742985157,0xb2c92c7ad951e8b9e43c0b27c83276adae92bf8d6ee1b37fae921f03d994f03f,NewSale
0x9BD51E7A12764657d9189433Aaa08589f9a73C49,74452,0xbc2d6E7c81E7f35473b3594031FCC4c519fD24Ad,0,0x0eafe2a6ad44652f7537396fca0d3507aa5e93a4,1,286000000000000,56232384,140590,4925271,1742985293,0x8e4baa6f1293bea81358e969279235e5383d61516fffd04b3ca6c462d5e066ac,NewSale
0x9D3732727D5d56C2234264aB0154111EB91dD0CA,74064,0x02e21A25F0038fa5BDEe9c0b77aC0c1E84d3d6f0,1587,0xa61f23023c9937236080840e1e58e0314cc95b58,1,969000000000000,56251498,155258,4925272,1742985295,0x80f904843a5d458b1dc285626350f8ca0dcb34658808fd38fa911c6e729b43f6,NewSale
0x9BD51E7A12764657d9189433Aaa08589f9a73C49,74485,0xbc2d6E7c81E7f35473b3594031FCC4c519fD24Ad,0,0x0eafe2a6ad44652f7537396fca0d3507aa5e93a4,1,286000000000000,56528812,140590,4925287,1742985325,0x923af97333a01b067b3fcbf4c96e497367c0ad3a65a21a918dbf346f48a9a54e,NewSale
0x8cDB213632C06DDB59381242FfFBD8e2c67Ce9a8,74561,0xbc2d6E7c81E7f35473b3594031FCC4c519fD24Ad,0,0x0eafe2a6ad44652f7537396fca0d3507aa5e93a4,1,286000000000000,56007575,140590,4925304,1742985359,0xfbfe7e21281024dfbb5d823bc6d361d08ad6db31bb5dd6b2e0617c8820be0592,NewSale
0x529F71B8285ECbabF59359e9284E98AD05e683E7,74453,0xbc2d6E7c81E7f35473b3594031FCC4c519fD24Ad,1,0x64f7c019021ac74a68d90d08491ca43b2a632e71,1,15200000000000000000,110762649,161354,4925305,1742985361,0xc7002595fe78d2413058a1dcb1d9370513bfb370204797b028edee05896f47f6,NewSale
0x77097770B0C9Fb322704dAd5b0bd18eDBa9b1Eae,74567,0xbc2d6E7c81E7f35473b3594031FCC4c519fD24Ad,0,0x0eafe2a6ad44652f7537396fca0d3507aa5e93a4,1,286000000000000,55938008,140590,4925320,1742985391,0x24f9f82d46888581715995c7346881f35fbf9c783a0ebadf772326970772dc8d,NewSale
0x8cDB213632C06DDB59381242FfFBD8e2c67Ce9a8,74553,0xbc2d6E7c81E7f35473b3594031FCC4c519fD24Ad,0,0x0eafe2a6ad44652f7537396fca0d3507aa5e93a4,1,286000000000000,55677395,140590,4925337,1742985425,0x0ee3474d6bfc42e296154cb8446a1f6e657092a7a889a6d7d54df58f8f696df0,NewSale
0x529F71B8285ECbabF59359e9284E98AD05e683E7,74453,0xbc2d6E7c81E7f35473b3594031FCC4c519fD24Ad,1,0x64f7c019021ac74a68d90d08491ca43b2a632e71,1,15200000000000000000,110219015,154943,4925339,1742985429,0x3fc7d4572b8ffbf744b8db5504dacec803d87d1e580433bd9eac32d4f29f4230,NewSale
0xA00F9c974010F0474CEa099c68E318503739aa90,74617,0xbc2d6E7c81E7f35473b3594031FCC4c519fD24Ad,0,0x920300b3f08b71aa4f397f4decd1af42f130a7ea,1,270000000000000,55442526,135766,4925350,1742985451,0x27e60fde7c6b8979e523757ec8df5cfcc2b7f08413961b4692bf0790d439eefa,NewSale
0xEf24fa65Eea73b66Da405859a9E9b9cF4BbdA482,74623,0xbc2d6E7c81E7f35473b3594031FCC4c519fD24Ad,0,0x920300b3f08b71aa4f397f4decd1af42f130a7ea,1,260000000000000,54604698,135766,4925367,1742985485,0xff7df98126a582a2513ddb9bc0d3669f071856db9971002edc3e2cbf1222072e,NewSale
0xeF0Ef28b882d166B732d00A01Ea762B9CCd3FE44,74614,0xbc2d6E7c81E7f35473b3594031FCC4c519fD24Ad,1,0x0eafe2a6ad44652f7537396fca0d3507aa5e93a4,1,272000000000000,52674007,142177,4925428,1742985607,0xbefda2bac39b20a7438c19d0d6c42da614e6e754b8d6295e85f5ef6c1b9a2a2e,NewSale
0x37C9a72f7699dF5270a8C409411391F2df0EcC94,74616,0x02e21A25F0038fa5BDEe9c0b77aC0c1E84d3d6f0,1881,0xf98590b077e8b86756816ebec7116608d676d53d,1,300000000000000,51994669,138158,4925443,1742985637,0xdf603617cd48f4be09adc7006b53f0f46349d6dfa7ef9fef835a45e6767b27cf,NewSale
0x37C9a72f7699dF5270a8C409411391F2df0EcC94,74632,0xDfC21bE7cC791a5f03A95E836D385bBC6d7dF384,1315,0x621a2a6ac129663ee2c4bc6f19b6c196f9c47af1,1,300000000000000,102481954,155258,4925470,1742985691,0x6964fe56f7ac7079217def34e65411c6557c630325e798228d4c0a05bd5246a8,NewSale
0x37C9a72f7699dF5270a8C409411391F2df0EcC94,74625,0xDfC21bE7cC791a5f03A95E836D385bBC6d7dF384,1316,0xf98590b077e8b86756816ebec7116608d676d53d,1,300000000000000,51808821,155258,4925471,1742985693,0x40ec60129d888bb7f8fceae5bc5c5c35f4db0d117f70bee09b8f326f2efae786,NewSale
0xeF0Ef28b882d166B732d00A01Ea762B9CCd3FE44,74614,0xbc2d6E7c81E7f35473b3594031FCC4c519fD24Ad,1,0x9ad500c3a639feef3073594928ef66f78d1cdc03,1,272000000000000,53110000,159265,4925496,1742985743,0xe900b9739afb0c72939988d7e5b41131f6c33210247909b6fd9a97217350f919,NewSale
0xeF0Ef28b882d166B732d00A01Ea762B9CCd3FE44,74614,0xbc2d6E7c81E7f35473b3594031FCC4c519fD24Ad,1,0x963e1b23e90ff15cb63cf79676da6e8a25647dbb,1,272000000000000,50904545,159277,4925530,1742985811,0x2b32e7d1cc8bdc04f3f9807c1187a4626cf739d66d622c4af2468271f2b919ff,NewSale
0xC0DEc165A5d6e6766Fbc35c977f89535899D0411,74550,0xbc2d6E7c81E7f35473b3594031FCC4c519fD24Ad,0,0x9ad500c3a639feef3073594928ef66f78d1cdc03,1,279999990000000,51920000,142189,4925537,1742985825,0xbdd91328fe839e1ea9d8b40f33352ff432c83ca55523992f1d342786cb63df39,NewSale
0x37C9a72f7699dF5270a8C409411391F2df0EcC94,74619,0xDfC21bE7cC791a5f03A95E836D385bBC6d7dF384,1318,0xf98590b077e8b86756816ebec7116608d676d53d,1,300000000000000,50735054,138158,4925538,1742985827,0x3f16031c1e5a6727130085eccddd33032f9cf314ab98fcebedaa6ddec83f63b4,NewSale
0x37C9a72f7699dF5270a8C409411391F2df0EcC94,74635,0x02e21A25F0038fa5BDEe9c0b77aC0c1E84d3d6f0,1888,0x621a2a6ac129663ee2c4bc6f19b6c196f9c47af1,1,300000000000000,100363919,155258,4925551,1742985853,0xa4b0636a013efa4b893f6b4ad87ae32be6ea3915906a9d1a24166bb433466ee9,NewSale
0x4513C9c468a9C9d608612F9d98389A576643e32c,74615,0xdc0F91C5a4D200FfC21658901c77c0fE1A14d199,0,0x59b04715cc78831ea7161c602853151a6a60a0d8,1,600000000000000,50451110,162483,4925560,1742985871,0x6769ef9630e599156da1018fe606ff5091f75e70cd289bf110a6055422fdac23,NewSale
0xEf24fa65Eea73b66Da405859a9E9b9cF4BbdA482,74637,0xbc2d6E7c81E7f35473b3594031FCC4c519fD24Ad,1,0x963e1b23e90ff15cb63cf79676da6e8a25647dbb,1,260000000000000,50713549,135778,4925565,1742985881,0xc35a4e497d8711c3c7b51ec144417559331ed4ca6f92ceababf07e322248fed3,NewSale
0x9025317B78D50c3CA3A72f5C29DdDBa989175e55,74521,0xbc2d6E7c81E7f35473b3594031FCC4c519fD24Ad,0,0x6dd74e43fbd34bcde70450f945e61350c618011c,1,300000000000000,50787895,140590,4925572,1742985895,0x79b1cf0c6b98312c133844c95c53aad187af0b6a22f301a5100f4776697f18e0,NewSale
0xeb418E53EFcDc351137C9A81c70967b8D7063f4C,74638,0x7e5F161dd824d98AC3474eBf550716d0cb83E8C6,0,0xf98590b077e8b86756816ebec7116608d676d53d,1,500000000000000,50350289,164783,4925584,1742985919,0xe5e45c86fbaf249e8e67e797b9473000af43cbc508ad9939f0a31bcc738dbb90,NewSale
0xC0DEc165A5d6e6766Fbc35c977f89535899D0411,74550,0xbc2d6E7c81E7f35473b3594031FCC4c519fD24Ad,0,0x963e1b23e90ff15cb63cf79676da6e8a25647dbb,1,279999990000000,50434779,142201,4925588,1742985927,0xc05d4db094f3755155fdac873f3b416a08882b4af829fc9849322457c1372afd,NewSale
0xC0DEc165A5d6e6766Fbc35c977f89535899D0411,74550,0xbc2d6E7c81E7f35473b3594031FCC4c519fD24Ad,0,0x758a1e3e12ef6c74d77b4320ea4ef017ad5a4fc4,1,279999990000000,50387605,142201,4925595,1742985941,0x98158197e4564360de3a90f8b2e7e720f42853fd2e75362ad39fc24a2bd87d79,NewSale
0x37C9a72f7699dF5270a8C409411391F2df0EcC94,74627,0x02e21A25F0038fa5BDEe9c0b77aC0c1E84d3d6f0,1894,0x621a2a6ac129663ee2c4bc6f19b6c196f9c47af1,1,300000000000000,99827794,138158,4925601,1742985953,0xe637a1b98c9935eb77e27efae4b852b7b8bfc93265d16bd8b88c5ec47df46864,NewSale
0x37C9a72f7699dF5270a8C409411391F2df0EcC94,74622,0xDfC21bE7cC791a5f03A95E836D385bBC6d7dF384,1317,0x385b7c41a030569447eeeaa054b1ee3281a06695,1,300000000000000,50467326,584441,4925603,1742985957,0xb63928360e2189564ef06e4b6179df9ea31b812d20a6632f2961fcaad80fe7a8,NewSale
0xeF0Ef28b882d166B732d00A01Ea762B9CCd3FE44,74614,0xbc2d6E7c81E7f35473b3594031FCC4c519fD24Ad,1,0x963e1b23e90ff15cb63cf79676da6e8a25647dbb,1,272000000000000,50504648,142177,4925607,1742985965,0x47b70d56c99170ed0de3095d34c55cd6f515e79935902561105c094c35e659e5,NewSale
0xc9828DCb7CaaE7e89e0dAAF814fAb714aC5bb6fC,72325,0xdc0F91C5a4D200FfC21658901c77c0fE1A14d199,0,0x8dec07c67e20e4feaf59e76bb0e3b6ff0dc71a28,1,650000000000000,50010335,150183,4925638,1742986027,0x1ee3ee4396c2e737228326b78364443bb0e551212e6190511de5c12e9a631963,NewSale
0xde527bAd820124E5ECFE4d1DDcE3D67a9473604E,74478,0xbc2d6E7c81E7f35473b3594031FCC4c519fD24Ad,0,0x59b04715cc78831ea7161c602853151a6a60a0d8,1,280000000000000,49936672,140578,4925678,1742986107,0x07a631bc2690ea94f85696b4c6916022499137d3cd2592900446766e40aaa178,NewSale
0xeF0Ef28b882d166B732d00A01Ea762B9CCd3FE44,74614,0xbc2d6E7c81E7f35473b3594031FCC4c519fD24Ad,1,0x621a2a6ac129663ee2c4bc6f19b6c196f9c47af1,1,272000000000000,98545661,159277,4925682,1742986115,0x11050b90579901c52fafc8159fa93732a2fb99c60178bcf6fa347f45c31c928f,NewSale
0x4Fc97EeE6154800df0f059F68D19444613DAbD37,74641,0xbc2d6E7c81E7f35473b3594031FCC4c519fD24Ad,0,0x59b04715cc78831ea7161c602853151a6a60a0d8,1,280000000000000,49506649,135778,4925693,1742986137,0x2219686fbf2204068eecbafbcb120496fc51d067215ff99fc7cd8f4986206e3d,NewSale
0xeF0Ef28b882d166B732d00A01Ea762B9CCd3FE44,74614,0xbc2d6E7c81E7f35473b3594031FCC4c519fD24Ad,1,0x621a2a6ac129663ee2c4bc6f19b6c196f9c47af1,1,272000000000000,97945862,142177,4925698,1742986147,0xad8bd2be3210054ecd4344db898b695f5c4ce0c4f9b876df716b987c62a02b98,NewSale
0xaa73c989ccc5934a6be831dA927c64c22480e8Df,74608,0xbc2d6E7c81E7f35473b3594031FCC4c519fD24Ad,0,0x59b04715cc78831ea7161c602853151a6a60a0d8,1,285000000000000,49268455,140590,4925709,1742986169,0x503cb73fe3a69c08d3bc3dd6845893f21133d02833bf84875aeb364db5612c10,NewSale
0xeF0Ef28b882d166B732d00A01Ea762B9CCd3FE44,74614,0xbc2d6E7c81E7f35473b3594031FCC4c519fD24Ad,1,0x621a2a6ac129663ee2c4bc6f19b6c196f9c47af1,1,272000000000000,97856467,142177,4925713,1742986177,0xa9d8dbdac93fa1b29d54cf400efc682d1c069d4a9e6b0d67a86bf6512661349d,NewSale
0xeF0Ef28b882d166B732d00A01Ea762B9CCd3FE44,74614,0xbc2d6E7c81E7f35473b3594031FCC4c519fD24Ad,1,0x9ad500c3a639feef3073594928ef66f78d1cdc03,1,272000000000000,49620000,140554,4925723,1742986197,0x6c0a2ed16519482ca79c340ab58094eaa5ea10b22e34ead4d394f15b8ee9df77,NewSale
0xaa73c989ccc5934a6be831dA927c64c22480e8Df,74611,0xbc2d6E7c81E7f35473b3594031FCC4c519fD24Ad,0,0x59b04715cc78831ea7161c602853151a6a60a0d8,1,285000000000000,49380258,140590,4925724,1742986199,0x252c95e2e0d2d4fe21cb5e06b2a192eb48293b293210ffcc499900de448c1e49,NewSale
0xC0DEc165A5d6e6766Fbc35c977f89535899D0411,74550,0xbc2d6E7c81E7f35473b3594031FCC4c519fD24Ad,0,0x9ad500c3a639feef3073594928ef66f78d1cdc03,1,279999990000000,49640000,142189,4925735,1742986221,0x7f8bc3e530dfb2427f750827b391c22a1d23573d02ea18baf728ec6f2d7030c4,NewSale
0x9BD51E7A12764657d9189433Aaa08589f9a73C49,74448,0xbc2d6E7c81E7f35473b3594031FCC4c519fD24Ad,0,0x59b04715cc78831ea7161c602853151a6a60a0d8,1,286000000000000,49287658,140590,4925737,1742986225,0x8bf3b060ba1203358548d61bc2f7230b86cfb16716628b2c5f2c5688d5aa87f7,NewSale
0x8A50dEB4AA603BdbDeA9c99e204518cA23b71D2a,74639,0xdc0F91C5a4D200FfC21658901c77c0fE1A14d199,0,0x351354f88e43cb503fbe3731d52e0995c81d4801,1,610000000000000,49370203,167283,4925739,1742986229,0xc3e3a7fe30e775b238e96227ec5e01c548cbf88e016df802bf02339d069426be,NewSale
0xeF0Ef28b882d166B732d00A01Ea762B9CCd3FE44,74634,0xbc2d6E7c81E7f35473b3594031FCC4c519fD24Ad,1,0x621a2a6ac129663ee2c4bc6f19b6c196f9c47af1,1,275000000000000,97719849,142189,4925742,1742986235,0xd31c830c50ca7f35dc9d165d2c0dfda1e0199356c44c47877bd6763835e5ab89,NewSale
0xeF0Ef28b882d166B732d00A01Ea762B9CCd3FE44,74634,0xbc2d6E7c81E7f35473b3594031FCC4c519fD24Ad,1,0xe9137a9c82f569c6bc24b4f4dd705d63171c2610,1,275000000000000,49448916,159289,4925743,1742986237,0xf82f8c5bf953c209d54a793050eba2825fb85803f68094d72b04d2aaddc70e1f,NewSale
0x73609BFc2e5F1BB761431612A6EA5baD6983A76e,66061,0xEB255E4669Da7FeEf1F746a5a778b4e08b65a1A7,0,0x9ded50ae9d043e1473f7159c0279fd1631153f41,1,500000000000000,97729880,145383,4925751,1742986253,0x9ab5e1d00fe50852b36955963ec824db1f0401fa61c1dc35b8fc3319c6913b46,NewSale
0x8cDB213632C06DDB59381242FfFBD8e2c67Ce9a8,74571,0xbc2d6E7c81E7f35473b3594031FCC4c519fD24Ad,0,0x59b04715cc78831ea7161c602853151a6a60a0d8,1,286000000000000,49354118,140590,4925752,1742986255,0x3e2fd10b1bbbbb1c0ac48ad718e78703d2c75c1d36e07fb3d1e3f3c036beefb2,NewSale
0x77097770B0C9Fb322704dAd5b0bd18eDBa9b1Eae,74574,0xbc2d6E7c81E7f35473b3594031FCC4c519fD24Ad,0,0x59b04715cc78831ea7161c602853151a6a60a0d8,1,286000000000000,49487884,140590,4925764,1742986279,0x5e1eb38432d4e102af6863352b54a2b87ff08d097576a9dae3d039bd695aa281,NewSale
0x9025317B78D50c3CA3A72f5C29DdDBa989175e55,74512,0xbc2d6E7c81E7f35473b3594031FCC4c519fD24Ad,0,0xe9137a9c82f569c6bc24b4f4dd705d63171c2610,1,280000000000000,49559805,140578,4925770,1742986291,0x6147da8328ac69516a11de55533ebad7b61c64303353562be93ccc01d8b56ed2,NewSale
0x8cDB213632C06DDB59381242FfFBD8e2c67Ce9a8,74575,0xbc2d6E7c81E7f35473b3594031FCC4c519fD24Ad,0,0x59b04715cc78831ea7161c602853151a6a60a0d8,1,286000000000000,49184098,140590,4925783,1742986317,0x595949494091db857df2400eff9c0f81f45e267850d4378afafa30e735b6fc9c,NewSale
0x904e461Dab156B9B4b888951CA633Eda6D684347,74579,0xbc2d6E7c81E7f35473b3594031FCC4c519fD24Ad,0,0x59b04715cc78831ea7161c602853151a6a60a0d8,1,286000000000000,49972625,140590,4925795,1742986341,0xba66bf3ea7ee33828bca8f095fd8766015e1f407aefc60cfb7cd203cc923e133,NewSale
0xeF0Ef28b882d166B732d00A01Ea762B9CCd3FE44,74634,0xbc2d6E7c81E7f35473b3594031FCC4c519fD24Ad,1,0x53d3f0fbc9a5005ad2aeb381115dfb9d5462de3a,1,275000000000000,49875978,159277,4925811,1742986373,0x6dd251a7a65c85c46819f21b975b4c6bfa2534ef9a0f8184f9b64a1eb2af460b,NewSale
0x8cDB213632C06DDB59381242FfFBD8e2c67Ce9a8,74580,0xbc2d6E7c81E7f35473b3594031FCC4c519fD24Ad,0,0x59b04715cc78831ea7161c602853151a6a60a0d8,1,286000000000000,49775978,140590,4925811,1742986373,0xd4fceea642bcccac2b90969252e191627ca9e2d14eb97d7cde800dc9bb0b4ed7,NewSale
0x7FA4035791Dc55f84c356a55b0695DE920161e00,74149,0xEB255E4669Da7FeEf1F746a5a778b4e08b65a1A7,0,0x9ded50ae9d043e1473f7159c0279fd1631153f41,1,400000000000000,98117561,150171,4925825,1742986401,0xde2dc8d050964db270eb742b5c14e6f275e5de50d704526972037f2d88901150,NewSale
0x37C9a72f7699dF5270a8C409411391F2df0EcC94,74628,0x02e21A25F0038fa5BDEe9c0b77aC0c1E84d3d6f0,1892,0x621a2a6ac129663ee2c4bc6f19b6c196f9c47af1,1,300000000000000,97758691,138158,4925861,1742986473,0xeee7fefe292c7b698593d9a9b707dfa7aaca48c28c3f2a0a66a4c0c444ce44d6,NewSale
0x37C9a72f7699dF5270a8C409411391F2df0EcC94,74636,0x02e21A25F0038fa5BDEe9c0b77aC0c1E84d3d6f0,1882,0x621a2a6ac129663ee2c4bc6f19b6c196f9c47af1,1,300000000000000,97509230,138158,4925875,1742986501,0xa59884b6704c175287c374b8354a3aef182d2c0a5776bcd0af69b6fe4ef41d49,NewSale
0xA00F9c974010F0474CEa099c68E318503739aa90,74643,0x02e21A25F0038fa5BDEe9c0b77aC0c1E84d3d6f0,1895,0xc788d2b232c197ff7a37f638718a24000ba27d0b,1,320000000000000,58125169,150434,4925878,1742986507,0x93825b18a5c6973bf346cccd5f3084c13ccfb2ce5b68b4d96188f4bbb19f80e6,NewSale
0x8cDB213632C06DDB59381242FfFBD8e2c67Ce9a8,74582,0xbc2d6E7c81E7f35473b3594031FCC4c519fD24Ad,0,0x53d3f0fbc9a5005ad2aeb381115dfb9d5462de3a,1,286000000000000,49228998,140578,4925882,1742986515,0x8ebfb251bd5318351ea777f644c5f5122c995b1a1a1af231b9bde677e4b68d85,NewSale
0x64f7C019021aC74A68D90D08491Ca43b2a632E71,74642,0xbc2d6E7c81E7f35473b3594031FCC4c519fD24Ad,1,0xcda5eda78e7905103f7add9935e808096cb0da70,1,15200000000000000000,48921735,182154,4925909,1742986569,0x5dbcf8dd18093551489a01aa65afbd244f3f5c74e91e04162f8db6f431817af5,NewSale
0x916C0439fD3863C3b9A0124dB639386B7cf9966a,74445,0xbc2d6E7c81E7f35473b3594031FCC4c519fD24Ad,0,0x621a2a6ac129663ee2c4bc6f19b6c196f9c47af1,1,286000000000000,96953279,140590,4925922,1742986595,0x28d19191a80c2d70010ad5157d85545a0a5ff21c40b93ade56b0586f44ebb00d,NewSale
0x64f7C019021aC74A68D90D08491Ca43b2a632E71,74642,0xbc2d6E7c81E7f35473b3594031FCC4c519fD24Ad,1,0x737367776729b89692ac4043aae210935b862f09,1,15200000000000000000,97180695,182154,4925934,1742986619,0x93a18bf4d08d511dad3840029bd2be4427752d42896465bc32d7dabb53bfcabf,NewSale
0x33FD8e88a74Fec2E8ffA23916b47A8b03806A85B,74646,0xbc2d6E7c81E7f35473b3594031FCC4c519fD24Ad,0,0x621a2a6ac129663ee2c4bc6f19b6c196f9c47af1,1,270000000000000,96885018,140578,4925941,1742986633,0x047232b95b6addfbb3ee2ffe989002bcad868abae0c882465b3d1c1f36c6d2a5,NewSale
0xeF0Ef28b882d166B732d00A01Ea762B9CCd3FE44,74634,0xbc2d6E7c81E7f35473b3594031FCC4c519fD24Ad,1,0x9ad500c3a639feef3073594928ef66f78d1cdc03,1,275000000000000,49560000,142177,4925949,1742986649,0x703aa1d1063d3fcaa6bec9f587e83437ed062d741b37daadaa624f623e0c13f1,NewSale
0xeF0Ef28b882d166B732d00A01Ea762B9CCd3FE44,74634,0xbc2d6E7c81E7f35473b3594031FCC4c519fD24Ad,1,0x621a2a6ac129663ee2c4bc6f19b6c196f9c47af1,1,275000000000000,97305032,142189,4925958,1742986667,0x077dd4f521a75dd93cb44655674ac8e12a3126e54f5208d6e44f3b311d1caa1d,NewSale
0x41f07238C5096Eb7eb68c50FE8AE5AdDECBBF5C2,70076,0xbFCACb23F0B41EeEDFf7d04f52CE8f5125150806,1,0xd37e03af8c10ce7bac6b786bc92382a8a430fbc2,1,500000000000000,97305032,164783,4925958,1742986667,0xfec7f983d1ecdf0f9ae97d0a70dfd1d276542915c612827026f733e487da4458,NewSale
0xeF0Ef28b882d166B732d00A01Ea762B9CCd3FE44,74634,0xbc2d6E7c81E7f35473b3594031FCC4c519fD24Ad,1,0x9ad500c3a639feef3073594928ef66f78d1cdc03,1,275000000000000,49560000,142177,4925963,1742986677,0xe3224f4b9c856f9fc38426caaf94cd7bc28f10b72758500d1f5de681fa1f0de9,NewSale
0xeF0Ef28b882d166B732d00A01Ea762B9CCd3FE44,74634,0xbc2d6E7c81E7f35473b3594031FCC4c519fD24Ad,1,0xe9137a9c82f569c6bc24b4f4dd705d63171c2610,1,275000000000000,49413661,142189,4925972,1742986695,0x8b701815d0b888fde797516593f1f0238b8ae76535963d08ae38218aabd5017a,NewSale
0x59B04715cC78831EA7161c602853151A6A60a0d8,74648,0xbc2d6E7c81E7f35473b3594031FCC4c519fD24Ad,0,0x9ad500c3a639feef3073594928ef66f78d1cdc03,1,200000000000000,49660000,140566,4925977,1742986705,0x3973fb95e13b6e043ef4d0e53668ca6db76c5573d495c93e421fbbf41a51bd0f,NewSale
0xeF0Ef28b882d166B732d00A01Ea762B9CCd3FE44,74634,0xbc2d6E7c81E7f35473b3594031FCC4c519fD24Ad,1,0x9ad500c3a639feef3073594928ef66f78d1cdc03,1,275000000000000,49610000,142177,4925991,1742986733,0x767b7e9aa51260bc2ef6d2f0b76c45fef1ec48459bc339b9926c9569a2dfcdfb,NewSale
0xA2928f3d4e92b540850B5f8aF1A9E9695DC86d14,74647,0xbc2d6E7c81E7f35473b3594031FCC4c519fD24Ad,1,0xe9137a9c82f569c6bc24b4f4dd705d63171c2610,1,279000000000000,49621999,135778,4925993,1742986737,0xb728ef7f3a368589f79cd8d560fbc0b1a7dffa5a6c294a9c285b85a030979a04,NewSale
0x1b8C537eAdDcfaef48920227054169FECa0B351c,74645,0xbc2d6E7c81E7f35473b3594031FCC4c519fD24Ad,1,0xcda5eda78e7905103f7add9935e808096cb0da70,1,279000000000000,49704269,135778,4925996,1742986743,0x4e107c892e83a3b3d74dd793c5aa9c63add10b8f8ff9a76bde915351a899c129,NewSale
0xeF0Ef28b882d166B732d00A01Ea762B9CCd3FE44,74634,0xbc2d6E7c81E7f35473b3594031FCC4c519fD24Ad,1,0x9ad500c3a639feef3073594928ef66f78d1cdc03,1,275000000000000,49720000,142177,4926006,1742986763,0xc83ca4ef9ab6c918f220e8693181b25d51f5d9204cde3a78631993380d80b789,NewSale
0xC0DEc165A5d6e6766Fbc35c977f89535899D0411,74550,0xbc2d6E7c81E7f35473b3594031FCC4c519fD24Ad,0,0xe9137a9c82f569c6bc24b4f4dd705d63171c2610,1,279999990000000,49916924,142201,4926016,1742986783,0x197eb5a41e9d973700a3872eef999f982b28d388ea361fb865f7ac63b7f51b3c,NewSale
0x59B04715cC78831EA7161c602853151A6A60a0d8,74650,0xbc2d6E7c81E7f35473b3594031FCC4c519fD24Ad,0,0x9ad500c3a639feef3073594928ef66f78d1cdc03,1,200000000000000,50190000,140566,4926017,1742986785,0x8e5190096936146c8976811c5a803c35bca95c69914e66bef74f0c80810190b9,NewSale
0xeF0Ef28b882d166B732d00A01Ea762B9CCd3FE44,74634,0xbc2d6E7c81E7f35473b3594031FCC4c519fD24Ad,1,0x9ad500c3a639feef3073594928ef66f78d1cdc03,1,275000000000000,50180000,135766,4926030,1742986811,0x54616d77c95bc2da194cacdceda844a57a561f20aa9232fc65d61801b303ebdf,NewSale
0xcc70550c4D12FE2E5A1cFfc83d99f573a6e0EE88,74649,0xbc2d6E7c81E7f35473b3594031FCC4c519fD24Ad,1,0x9ad500c3a639feef3073594928ef66f78d1cdc03,1,279000000000000,50180000,135766,4926042,1742986835,0xf75118135f05247556d4f0da47734202ede1331cb6fb52c8ef96e89a84cb1d49,NewSale
0x59B04715cC78831EA7161c602853151A6A60a0d8,74651,0xbc2d6E7c81E7f35473b3594031FCC4c519fD24Ad,0,0x9ad500c3a639feef3073594928ef66f78d1cdc03,1,200000000000000,50190000,140566,4926053,1742986857,0x17307681bb1759c9d08e35671dc4ac0cd94b0999e4042f615dd0aa2d0f5e5556,NewSale
0xFB3E09efe6A8f217Ecd5A56a7181FaEAFeA4b0ba,74504,0x897d1cBBeDC44c8371672e8cA72555b5194D6D86,0,0xdb2b6ae97117a4db698acbdb873c48b55df8df78,1,480000000000000,99086907,162487,4926078,1742986907,0xcebb8fa92aad79d20e86cd0dc749f7c483b569c1e5c648a22b1e79c5750aceb8,NewSale
0x5ff2A8badBa050C14528A3442789BCF22484c9fa,74449,0xbc2d6E7c81E7f35473b3594031FCC4c519fD24Ad,0,0xbd787cd394c0f562e2e6ded9b8ed033ef9c1d2cd,1,286000000000000,50360000,157690,4926095,1742986941,0x528478674d11977601a0612b20674bbbfc2852fe69160c10344a371ae3c04bac,NewSale
0x59B04715cC78831EA7161c602853151A6A60a0d8,74652,0xbc2d6E7c81E7f35473b3594031FCC4c519fD24Ad,0,0x80fe121b69163e17bd4e9cc573652e29e48fa4ae,1,200000000000000,49733048,140578,4926102,1742986955,0xb71d97e1203e7e89bd55f8e48dcfa9fb9054be87f5392bd9e86ad91b86ad48a6,NewSale
0xC0DEc165A5d6e6766Fbc35c977f89535899D0411,74550,0xbc2d6E7c81E7f35473b3594031FCC4c519fD24Ad,0,0xcda5eda78e7905103f7add9935e808096cb0da70,1,279999990000000,49902032,142201,4926114,1742986979,0x995b534dd470ee48a4f6e7d14aba062c8fb0967e28e00413d6df929818f6982c,NewSale
0x351354f88e43CB503fBE3731d52E0995c81d4801,74644,0xdc0F91C5a4D200FfC21658901c77c0fE1A14d199,0,0x758a1e3e12ef6c74d77b4320ea4ef017ad5a4fc4,1,609900000000000,50063054,162483,4926121,1742986993,0x46f77d7140685759fdffcbbecaca7053d0afcaa162446c76eb6cc7752f3a6fb6,NewSale
0x51e9F7fDe83E6F89ec86994d02bD0c082e3db820,74655,0xbc2d6E7c81E7f35473b3594031FCC4c519fD24Ad,1,0x80fe121b69163e17bd4e9cc573652e29e48fa4ae,1,130000000000000,49871410,135778,4926134,1742987019,0x4181ddeb4837348bb8b0ee333fe0ac2edc91824c6d4170a5740d780bbd3c01c7,NewSale
0x59B04715cC78831EA7161c602853151A6A60a0d8,74656,0xbc2d6E7c81E7f35473b3594031FCC4c519fD24Ad,0,0x80fe121b69163e17bd4e9cc573652e29e48fa4ae,1,200000000000000,49631442,140578,4926147,1742987045,0xa5eb5a044754cae0612cc918f02aa427782102974c407be1c4a7e09e7221b4eb,NewSale
0x59B04715cC78831EA7161c602853151A6A60a0d8,74657,0xbc2d6E7c81E7f35473b3594031FCC4c519fD24Ad,0,0x92158dfe1be7821c3f0f1100203bb7ba90d64c3f,1,200000000000000,98305739,140566,4926148,1742987047,0x446607ab39c4aad74fc41d9437b9e6bed5430e878c851619c4e93e0c38f5157b,NewSale
0xc788d2b232C197FF7A37F638718a24000BA27D0B,74658,0x02e21A25F0038fa5BDEe9c0b77aC0c1E84d3d6f0,1895,0xa00f9c974010f0474cea099c68e318503739aa90,1,500000000000000,57917848,150458,4926182,1742987115,0x5e657035f365ae11af443a235ed691017df9bc0f115b6a56d0a262f83b9bb533,NewSale
0x64f7C019021aC74A68D90D08491Ca43b2a632E71,74642,0xbc2d6E7c81E7f35473b3594031FCC4c519fD24Ad,1,0xd37e03af8c10ce7bac6b786bc92382a8a430fbc2,1,15200000000000000000,96888145,165054,4926185,1742987121,0x0c531d0302489abd6b3a9e1b336241338b7c370fb971fbe1d039d1e089609afe,NewSale
0x59B04715cC78831EA7161c602853151A6A60a0d8,74660,0xbc2d6E7c81E7f35473b3594031FCC4c519fD24Ad,0,0x33fd8e88a74fec2e8ffa23916b47a8b03806a85b,1,200000000000000,49780000,140578,4926195,1742987141,0x119751845d5c59d5a21f9d486cc72fdef7e5f69bbd24f5ef30171ed41e86ef24,NewSale
0x59B04715cC78831EA7161c602853151A6A60a0d8,74661,0xbc2d6E7c81E7f35473b3594031FCC4c519fD24Ad,0,0x80fe121b69163e17bd4e9cc573652e29e48fa4ae,1,200000000000000,48185596,140578,4926213,1742987177,0xcb18711a1617ec262ca5f7ae7d9dfab819a3e9c385b118f0331b9bec4a88d6ee,NewSale
0xC0DEc165A5d6e6766Fbc35c977f89535899D0411,74550,0xbc2d6E7c81E7f35473b3594031FCC4c519fD24Ad,0,0x621a2a6ac129663ee2c4bc6f19b6c196f9c47af1,1,279999990000000,49069571,142201,4926285,1742987321,0x5f759472e8ade62046ad708f8769d8b2c5785d7734fb5b2b0cb31fc89d300563,NewSale
0xe5ef65a279883a70339E397938Dc9763F3286211,74659,0xbc2d6E7c81E7f35473b3594031FCC4c519fD24Ad,1,0xe9137a9c82f569c6bc24b4f4dd705d63171c2610,1,280000000000000,49046532,135778,4926287,1742987325,0x3fdb0b53e6e8d221ca0f14e1075c75e4384199ab17ce374415f3530ddff16b9f,NewSale
0xC0DEc165A5d6e6766Fbc35c977f89535899D0411,74550,0xbc2d6E7c81E7f35473b3594031FCC4c519fD24Ad,0,0xe9137a9c82f569c6bc24b4f4dd705d63171c2610,1,279999990000000,49237509,142201,4926316,1742987383,0xea2d06043d512b1d3a4ca78a87f5144453f7ca83c5f10750402f877832cff2d9,NewSale
0x916C0439fD3863C3b9A0124dB639386B7cf9966a,74459,0xbc2d6E7c81E7f35473b3594031FCC4c519fD24Ad,0,0xd598390b3cbaeadb70dd6ba2a7faeb9d811483ee,1,286000000000000,48844835,157690,4926365,1742987481,0x6cc74950757d9c40eb289aa6dc06804fc727082a2a32031c945eb58970615e39,NewSale
0x4513C9c468a9C9d608612F9d98389A576643e32c,74624,0x2Bf46D4497e98FbA2304B0d2453922FFf559Ea02,59,0x51e9f7fde83e6f89ec86994d02bd0c082e3db820,1,600000000000000,48870000,162483,4926372,1742987495,0x8cd5e72c386dfbc777644a8fe02b9a813b6b6da091cfe371082c82895323d2d2,NewSale
0x59B04715cC78831EA7161c602853151A6A60a0d8,74666,0xbc2d6E7c81E7f35473b3594031FCC4c519fD24Ad,0,0xcb3edec5bacfc0fa6b08e2721b6af830b379ebc8,1,200000000000000,48300000,140578,4926407,1742987565,0x4e15400b26ee2a9bf367a9102b74af438db66173f28b09015675f5c08957042a,NewSale
0x9FD6B62c3Adbd3c49AF587388177b46E7271D5Ef,74673,0xbc2d6E7c81E7f35473b3594031FCC4c519fD24Ad,1,0xf6b61bfc76b7831eff2c6aae06759bbec27b8ee2,1,280000000000000,48464677,152878,4926413,1742987577,0x7588fc56bcff8015ec83e98bbaba3c0774573b6307613717257d54975e205634,NewSale
0x59B04715cC78831EA7161c602853151A6A60a0d8,74671,0xbc2d6E7c81E7f35473b3594031FCC4c519fD24Ad,0,0x6850322fdcc2b02922964f3a0041906ae83bfa7a,1,200000000000000,48210000,140566,4926451,1742987653,0x6ad8f930eaa03df1aa1fc6ed6eb315cd1fa7e6d15b56440a78fe06ea9941b1d8,NewSale
0x59B04715cC78831EA7161c602853151A6A60a0d8,74667,0xbc2d6E7c81E7f35473b3594031FCC4c519fD24Ad,0,0xbd787cd394c0f562e2e6ded9b8ed033ef9c1d2cd,1,200000000000000,48150000,135778,4926459,1742987669,0xbea828463502fd8afcea17713b6c41eb386cdfb740b375df7f23b0ec7bb275fd,NewSale
0x2065b7a05102C48A44CB985a1E1f466ac9cEE08C,74676,0xbc2d6E7c81E7f35473b3594031FCC4c519fD24Ad,0,0x92158dfe1be7821c3f0f1100203bb7ba90d64c3f,1,275000000000000,48530954,140566,4926477,1742987705,0xc575bfb3153968da37704c26dbb5ceb392b9b777826494464895bf924b5a2655,NewSale
0x9370D577b4a3583E5924dD04C7161533778D6225,74675,0xbc2d6E7c81E7f35473b3594031FCC4c519fD24Ad,1,0x92158dfe1be7821c3f0f1100203bb7ba90d64c3f,1,280000000000000,49039349,152866,4926499,1742987749,0x8b2c9a0f97f61269d4e1a49dcd9ec5dd9fea902e4d595b347f4f4d6fbe235175,NewSale
0x2065b7a05102C48A44CB985a1E1f466ac9cEE08C,74679,0xbc2d6E7c81E7f35473b3594031FCC4c519fD24Ad,0,0x92158dfe1be7821c3f0f1100203bb7ba90d64c3f,1,275000000000000,48929922,140566,4926519,1742987789,0x916cfb3463faa34f81bc4fb1e7a4d4971e1941a100c73f45cca1c7f3ce9f6d24,NewSale
0x80fe121B69163E17bd4e9CC573652e29E48fa4ae,74662,0xbc2d6E7c81E7f35473b3594031FCC4c519fD24Ad,0,0x6850322fdcc2b02922964f3a0041906ae83bfa7a,1,285000000000000,48990000,142189,4926524,1742987799,0xfb03ac3b9549ffa9d57af7cc9d6c1092deab2372943fecebd376a00003e352a2,NewSale
0x2065b7a05102C48A44CB985a1E1f466ac9cEE08C,74678,0xbc2d6E7c81E7f35473b3594031FCC4c519fD24Ad,0,0xe5ce827bf7146026feea66e98e902bdf4073bc23,1,275000000000000,48921139,140578,4926524,1742987799,0xb6e347f113e57f1ed7b02588a4903be8914e665f646c43eaeb2879145ea28557,NewSale
0x0Aaf0ae82Bb0c55fa60f88CF9Fb95828AdFF1f24,74677,0xbc2d6E7c81E7f35473b3594031FCC4c519fD24Ad,1,0xe5ce827bf7146026feea66e98e902bdf4073bc23,1,280000000000000,48976362,135778,4926537,1742987825,0xf2778104c5610b76ad796e5587c4dda1003b4c48b35445bf0d96e25c3d6db402,NewSale
0x80fe121B69163E17bd4e9CC573652e29E48fa4ae,74662,0xbc2d6E7c81E7f35473b3594031FCC4c519fD24Ad,0,0x1f033ca633c81ebeee968f6935f1031a8d58e209,1,285000000000000,48900000,142201,4926555,1742987861,0x31bbac8e6bc302787f07d88e77213ab3b92f47adae0b0f53ecd9ee755702fdb0,NewSale
0xC0DEc165A5d6e6766Fbc35c977f89535899D0411,74550,0xbc2d6E7c81E7f35473b3594031FCC4c519fD24Ad,0,0xbd787cd394c0f562e2e6ded9b8ed033ef9c1d2cd,1,279999990000000,49490000,142201,4926639,1742988029,0x9e55a88f5e9648736231b27380e3910658edb4fefa2793d1d1d53ff18e43dd30,NewSale
0x80fe121B69163E17bd4e9CC573652e29E48fa4ae,74674,0xbc2d6E7c81E7f35473b3594031FCC4c519fD24Ad,1,0x1f033ca633c81ebeee968f6935f1031a8d58e209,1,285000000000000,49450000,159301,4926656,1742988063,0x3632deb33ba2621a9f561206a06621b6de83cc669f951e19a45e7e05f5eadae4,NewSale
0x64f7C019021aC74A68D90D08491Ca43b2a632E71,74642,0xbc2d6E7c81E7f35473b3594031FCC4c519fD24Ad,1,0x6850322fdcc2b02922964f3a0041906ae83bfa7a,1,15200000000000000000,49215989,182142,4926750,1742988251,0x159336f51d8c9c151aa18cb3ebf5514e6d6c544fab557a71d667cb96f5d0e7b9,NewSale
0x6c54Ba7B47083F274a56d2223cb04FF497542C81,74685,0xbc2d6E7c81E7f35473b3594031FCC4c519fD24Ad,0,0xbd787cd394c0f562e2e6ded9b8ed033ef9c1d2cd,1,270000000000000,49340000,135778,4926764,1742988279,0xc8d0abf3c298f182ba41d2cbc165c28547f03ccdeba083db02a93b25f6c8bf36,NewSale
0x86bB7A3Fac280460042A2fe62e6f8E4BB2b69139,74451,0xdc0F91C5a4D200FfC21658901c77c0fE1A14d199,0,0x29e5a993833877f2f30397b533661557e5b18380,1,645000000000000,49801997,167283,4926797,1742988345,0x126ef0050a2f10ced281dc45a16a2983733af62cc153c580c55f0530bdb61e5a,NewSale
0x2065b7a05102C48A44CB985a1E1f466ac9cEE08C,74686,0xbc2d6E7c81E7f35473b3594031FCC4c519fD24Ad,0,0x1c536aff528ca796c821c4a5419c7be7b8ab5ab0,1,275000000000000,49990000,140578,4926801,1742988353,0xb203311645a47f56710435424a1136cdb1136aea3fb6a6c760ee7c883527f095,NewSale
0x2065b7a05102C48A44CB985a1E1f466ac9cEE08C,74696,0xbc2d6E7c81E7f35473b3594031FCC4c519fD24Ad,0,0x1c536aff528ca796c821c4a5419c7be7b8ab5ab0,1,275000000000000,49630000,140578,4926818,1742988387,0x2a8ca54dd53eeb366bc7377fa8d7045494cfd8c195c9c83d2d0dece3614a98da,NewSale
0x2065b7a05102C48A44CB985a1E1f466ac9cEE08C,74691,0xbc2d6E7c81E7f35473b3594031FCC4c519fD24Ad,0,0xbd787cd394c0f562e2e6ded9b8ed033ef9c1d2cd,1,275000000000000,49630000,140578,4926821,1742988393,0x301a54a3fec81a0f89ef3c1662e5b66db6193fd07adb5a6930cde4257a24d697,NewSale
0xC0DEc165A5d6e6766Fbc35c977f89535899D0411,74550,0xbc2d6E7c81E7f35473b3594031FCC4c519fD24Ad,0,0x362dff04e31f358766fe46ac5f90196d501c8355,1,279999990000000,49772930,142201,4926826,1742988403,0xf18f5e4f5fb19c68cc235ea456b9897bebfb4fd5c2d0e7704f29adb192c53b42,NewSale
0x2065b7a05102C48A44CB985a1E1f466ac9cEE08C,74687,0xbc2d6E7c81E7f35473b3594031FCC4c519fD24Ad,0,0x362dff04e31f358766fe46ac5f90196d501c8355,1,275000000000000,49552020,140578,4926855,1742988461,0xc4fe86b4a17b7c514653736cc26e00ffa96a2b91c5ebdd2b2d6214990f9aebbe,NewSale
0x2065b7a05102C48A44CB985a1E1f466ac9cEE08C,74698,0xbc2d6E7c81E7f35473b3594031FCC4c519fD24Ad,0,0x707e0c6e37bb0e9655511d0994eef9bdae8c906c,1,275000000000000,49422313,140578,4926875,1742988501,0x21e5854e2208348e4cace36cc7feca79f041fcde3dbc9407bbc41bbc261d977f,NewSale
0x2065b7a05102C48A44CB985a1E1f466ac9cEE08C,74693,0xbc2d6E7c81E7f35473b3594031FCC4c519fD24Ad,0,0x362dff04e31f358766fe46ac5f90196d501c8355,1,275000000000000,49412248,140578,4926876,1742988503,0x020c30471700090f74a359f6ea3b324d91ad8c0d1c7629e68d67e5f6ddb9394e,NewSale
0x2065b7a05102C48A44CB985a1E1f466ac9cEE08C,74694,0xbc2d6E7c81E7f35473b3594031FCC4c519fD24Ad,0,0x707e0c6e37bb0e9655511d0994eef9bdae8c906c,1,275000000000000,49274335,140578,4926889,1742988529,0xd463df16edb01e7cac2dc5da5591a7dec15ec168060a9ec724daf43accf07b81,NewSale
0x1C536aFF528CA796C821C4A5419c7Be7B8Ab5Ab0,74705,0xbc2d6E7c81E7f35473b3594031FCC4c519fD24Ad,0,0x362dff04e31f358766fe46ac5f90196d501c8355,1,240000000000000,49407800,140566,4926898,1742988547,0x00cc6c67d9cc7aff941cd72a79af44281286bd2c3084d758a626878905ee5ca0,NewSale
0x2065b7a05102C48A44CB985a1E1f466ac9cEE08C,74697,0xbc2d6E7c81E7f35473b3594031FCC4c519fD24Ad,0,0xd9a0a16e5a634bf5a02962b667f17c65bae14086,1,275000000000000,49329366,140578,4926905,1742988561,0x593be71e55c6142f07a924c4f85d567715b94fc43ae219c87d372b646a04a20b,NewSale
0xC8aeC991D48d68544b21478C368Ede39Df8c301F,74682,0xbc2d6E7c81E7f35473b3594031FCC4c519fD24Ad,1,0x707e0c6e37bb0e9655511d0994eef9bdae8c906c,1,280000000000000,49368657,135778,4926908,1742988567,0x684ea38f2e995d0b401fc1b9882f6af8fb5173af4851329216edfcd268e92add,NewSale
0x2065b7a05102C48A44CB985a1E1f466ac9cEE08C,74701,0xbc2d6E7c81E7f35473b3594031FCC4c519fD24Ad,0,0x1c536aff528ca796c821c4a5419c7be7b8ab5ab0,1,275000000000000,49310000,140578,4926913,1742988577,0x4f88c22ba32e27aeb7701f887fe93bf462a3ef8f0fb881e771af4c32ff123f28,NewSale
0x2065b7a05102C48A44CB985a1E1f466ac9cEE08C,74700,0xbc2d6E7c81E7f35473b3594031FCC4c519fD24Ad,0,0xd9a0a16e5a634bf5a02962b667f17c65bae14086,1,275000000000000,49269260,140578,4926921,1742988593,0x5ff63a91fd5860d2288e888940f3d6bc9371abfae42a4f6c804a3a890e2ae65c,NewSale
0x2065b7a05102C48A44CB985a1E1f466ac9cEE08C,74707,0xbc2d6E7c81E7f35473b3594031FCC4c519fD24Ad,0,0x1c536aff528ca796c821c4a5419c7be7b8ab5ab0,1,275000000000000,49310000,140578,4926923,1742988597,0x904ba0e0f943ed55a81bdd7266a773fe49ed510d034789603926fb568cd3c4fd,NewSale
0x7FA4035791Dc55f84c356a55b0695DE920161e00,74154,0xEB255E4669Da7FeEf1F746a5a778b4e08b65a1A7,0,0x9ded50ae9d043e1473f7159c0279fd1631153f41,1,400000000000000,49251069,145371,4926954,1742988659,0x2d7ff39373039a1dd973603f123db1452ef453ecec2068f102694709b497eea4,NewSale
0x1C536aFF528CA796C821C4A5419c7Be7B8Ab5Ab0,74708,0xbc2d6E7c81E7f35473b3594031FCC4c519fD24Ad,0,0x7809719aee3da29b85cf226c85ccdcc211c4a6b1,1,240000000000000,48660315,157666,4926973,1742988697,0xfd25f029313c94078101f72a2c543af84e12a144a1761ec07a6045e6bbed1458,NewSale
0x2065b7a05102C48A44CB985a1E1f466ac9cEE08C,74706,0xbc2d6E7c81E7f35473b3594031FCC4c519fD24Ad,0,0x6850322fdcc2b02922964f3a0041906ae83bfa7a,1,275000000000000,48621809,140566,4926980,1742988711,0x7605e2964bb72c2ff4e33dc357166ff247f318e1c250620c6501baf20e9a0b7e,NewSale
0x80fe121B69163E17bd4e9CC573652e29E48fa4ae,74662,0xbc2d6E7c81E7f35473b3594031FCC4c519fD24Ad,0,0x1174f081468e4339d11d7914c44dd735d555d2df,1,285000000000000,48758798,142201,4926985,1742988721,0x0351ac1b5f30a3be8406a4d9256a3cce7f000949bf5ce35ca7e89449909aae47,NewSale
0x1C536aFF528CA796C821C4A5419c7Be7B8Ab5Ab0,74718,0xbc2d6E7c81E7f35473b3594031FCC4c519fD24Ad,0,0x7809719aee3da29b85cf226c85ccdcc211c4a6b1,1,250000000000000,48468264,140578,4926989,1742988729,0xf96d3401eaf30028cd27623bd232448591e5eb3a0f08fa726ccba70296170ef3,NewSale
0x1C536aFF528CA796C821C4A5419c7Be7B8Ab5Ab0,74716,0xbc2d6E7c81E7f35473b3594031FCC4c519fD24Ad,0,0x7809719aee3da29b85cf226c85ccdcc211c4a6b1,1,260000000000000,49720020,140578,4927006,1742988763,0xf0d76face3aff48b47884fb48d4ac4e035cc235e8e86a876903ffdbf99293997,NewSale
0x2065b7a05102C48A44CB985a1E1f466ac9cEE08C,74699,0xbc2d6E7c81E7f35473b3594031FCC4c519fD24Ad,0,0x406615789d055e9cb2a30e4d7d515c53b33d7737,1,275000000000000,50424842,140578,4927025,1742988801,0xf096ef4a534a789abfd11e737e1fd398194314ccc9180fc592075291a5b500a8,NewSale
0x2065b7a05102C48A44CB985a1E1f466ac9cEE08C,74702,0xbc2d6E7c81E7f35473b3594031FCC4c519fD24Ad,0,0x406615789d055e9cb2a30e4d7d515c53b33d7737,1,275000000000000,98272267,140578,4927040,1742988831,0x65a344d2640d1bdf5af17a1a64a458ee80e469fb55172024edc2d254e8eabcc6,NewSale
0x2065b7a05102C48A44CB985a1E1f466ac9cEE08C,74703,0xbc2d6E7c81E7f35473b3594031FCC4c519fD24Ad,0,0x406615789d055e9cb2a30e4d7d515c53b33d7737,1,275000000000000,99226555,140578,4927053,1742988857,0x4a11d8bbdff66c8831cd1fc637c5e33e35be599fab7ed23363211641fb1db29c,NewSale
0x2065b7a05102C48A44CB985a1E1f466ac9cEE08C,74711,0xbc2d6E7c81E7f35473b3594031FCC4c519fD24Ad,0,0x406615789d055e9cb2a30e4d7d515c53b33d7737,1,275000000000000,99743811,140578,4927073,1742988897,0x0663e2409eeeee4657232f9f71355f2dbd97d66c553e42fcf0bf01d0bee55696,NewSale
0x2065b7a05102C48A44CB985a1E1f466ac9cEE08C,74710,0xbc2d6E7c81E7f35473b3594031FCC4c519fD24Ad,0,0x920300b3f08b71aa4f397f4decd1af42f130a7ea,1,275000000000000,52557331,140566,4927123,1742988997,0xb8ae72fde83d5a99237a3d433943f940f3736e2bc500c5cb8bfa2e6490619d74,NewSale
0x2065b7a05102C48A44CB985a1E1f466ac9cEE08C,74723,0xbc2d6E7c81E7f35473b3594031FCC4c519fD24Ad,0,0x7809719aee3da29b85cf226c85ccdcc211c4a6b1,1,275000000000000,53170599,140578,4927132,1742989015,0x85ddc4cfeab83018e8eefd6bbc1d0090a35880e0093d85bb0f803d4ae9cc3545,NewSale
0xd30Dd3D116Eb5D3Ca983844579Da42B0A683DBCC,68025,0xEB255E4669Da7FeEf1F746a5a778b4e08b65a1A7,0,0x9ded50ae9d043e1473f7159c0279fd1631153f41,1,499000000000000,103755995,150183,4927138,1742989027,0xc6cc90f35f4dbf1e661b9ebf3f7f1e22e91152cde9ce50132b5895b8072863a1,NewSale
0x2065b7a05102C48A44CB985a1E1f466ac9cEE08C,74726,0xbc2d6E7c81E7f35473b3594031FCC4c519fD24Ad,0,0x7a12c7e9453730cda46dfcbb45a6635a23ebd591,1,275000000000000,53085437,140578,4927144,1742989039,0x366dd16addae3fcbbbced7f35dc9e44aeb00d649ea8e915b489ff9edf2de20a5,NewSale
0xd30Dd3D116Eb5D3Ca983844579Da42B0A683DBCC,68023,0xEB255E4669Da7FeEf1F746a5a778b4e08b65a1A7,0,0x9ded50ae9d043e1473f7159c0279fd1631153f41,1,499000000000000,103879187,150183,4927160,1742989071,0x854f78fbf27da9d6587b9e1dce4668aa6201162efbdf8fdf67aa5f83c208eb4d,NewSale
0x2065b7a05102C48A44CB985a1E1f466ac9cEE08C,74730,0xbc2d6E7c81E7f35473b3594031FCC4c519fD24Ad,0,0x6850322fdcc2b02922964f3a0041906ae83bfa7a,1,275000000000000,53370000,140566,4927170,1742989091,0x8ae2194182770b38f3e1849e4a5a1d234ddba6bab80f95bcb826e156a9c20523,NewSale
0x2065b7a05102C48A44CB985a1E1f466ac9cEE08C,74717,0xbc2d6E7c81E7f35473b3594031FCC4c519fD24Ad,0,0x758a1e3e12ef6c74d77b4320ea4ef017ad5a4fc4,1,275000000000000,53431755,140578,4927174,1742989099,0x987247bde0c8fe52a064ee89bb63da838a13121d63786bac778140f61c1a1f26,NewSale
0x406615789D055E9cb2A30e4D7D515C53b33d7737,74734,0xbc2d6E7c81E7f35473b3594031FCC4c519fD24Ad,0,0x7809719aee3da29b85cf226c85ccdcc211c4a6b1,1,269000000000000,53431755,140578,4927174,1742989099,0x2bd65eaa39c095a33e96203b1bb474eee0b32d9e9cad993bdc3b3dcd15169d30,NewSale
0x2065b7a05102C48A44CB985a1E1f466ac9cEE08C,74714,0xbc2d6E7c81E7f35473b3594031FCC4c519fD24Ad,0,0x362dff04e31f358766fe46ac5f90196d501c8355,1,275000000000000,53430115,140578,4927177,1742989105,0xc2d3fdfecdd7880f5e482ea196f6b7b53bdaa073915bdc557e5d7fb164a393ff,NewSale
0x406615789D055E9cb2A30e4D7D515C53b33d7737,74736,0xbc2d6E7c81E7f35473b3594031FCC4c519fD24Ad,0,0x362dff04e31f358766fe46ac5f90196d501c8355,1,269000000000000,54180366,140578,4927197,1742989145,0x44a0167a71d6ef87b65493ead606d70a3272134a64b600125d08277c84fb3a3b,NewSale
0x406615789D055E9cb2A30e4D7D515C53b33d7737,74737,0xbc2d6E7c81E7f35473b3594031FCC4c519fD24Ad,0,0x362dff04e31f358766fe46ac5f90196d501c8355,1,269000000000000,54061317,140578,4927219,1742989189,0x90232aa8c5abc87ab5c66c852a2462c77505e453004c5b5a56f5c27d66263540,NewSale
0xeF0Ef28b882d166B732d00A01Ea762B9CCd3FE44,74722,0xbc2d6E7c81E7f35473b3594031FCC4c519fD24Ad,1,0x6850322fdcc2b02922964f3a0041906ae83bfa7a,1,275000000000000,54110000,142177,4927222,1742989195,0xc0e957500c322174aa06f887995f33282f1d160c0920d994d098383766984653,NewSale
0x406615789D055E9cb2A30e4D7D515C53b33d7737,74738,0xbc2d6E7c81E7f35473b3594031FCC4c519fD24Ad,0,0x7a12c7e9453730cda46dfcbb45a6635a23ebd591,1,269000000000000,54000303,140578,4927223,1742989197,0x534585ef3c3366c87a068cd9e76998ae5b76783c4a612fe2b108a1d4bf608831,NewSale
0x406615789D055E9cb2A30e4D7D515C53b33d7737,74739,0xbc2d6E7c81E7f35473b3594031FCC4c519fD24Ad,1,0x362dff04e31f358766fe46ac5f90196d501c8355,1,269000000000000,54135021,157678,4927241,1742989233,0xf4ccc2a9260d9ff0c7fc418ff8ee835d9330e40c4f3e53e72f9f7f9996529eb1,NewSale
0x406615789D055E9cb2A30e4D7D515C53b33d7737,74741,0xbc2d6E7c81E7f35473b3594031FCC4c519fD24Ad,0,0x7a12c7e9453730cda46dfcbb45a6635a23ebd591,1,269000000000000,54724462,140578,4927257,1742989265,0x51b149294ff14779441692b0307d69b700e55a72998f2c6c15622faf91450c57,NewSale
0x406615789D055E9cb2A30e4D7D515C53b33d7737,74740,0xbc2d6E7c81E7f35473b3594031FCC4c519fD24Ad,1,0x362dff04e31f358766fe46ac5f90196d501c8355,1,269000000000000,54635226,140578,4927263,1742989277,0x28f3e0db4aaa6bfe18dfec96115f021ae534fc20e4e8a9f6c1d1a0d128b6103c,NewSale
0x2065b7a05102C48A44CB985a1E1f466ac9cEE08C,74725,0xbc2d6E7c81E7f35473b3594031FCC4c519fD24Ad,0,0x6850322fdcc2b02922964f3a0041906ae83bfa7a,1,275000000000000,54680000,140566,4927282,1742989315,0x782241296cfb32bae285be2b9bcc1b43005e4289a5578c7bd311ff8e32ef7c8f,NewSale
0x406615789D055E9cb2A30e4D7D515C53b33d7737,74743,0xbc2d6E7c81E7f35473b3594031FCC4c519fD24Ad,1,0x362dff04e31f358766fe46ac5f90196d501c8355,1,269000000000000,55393505,140578,4927283,1742989317,0xa29ab060548b0937e709b0426debc4103e2b4a7909d1637d0cc528f5a4f6b441,NewSale
0x2065b7a05102C48A44CB985a1E1f466ac9cEE08C,74721,0xbc2d6E7c81E7f35473b3594031FCC4c519fD24Ad,0,0x7a12c7e9453730cda46dfcbb45a6635a23ebd591,1,275000000000000,55828503,140578,4927288,1742989327,0x099de23150726a27f4e280fd1ec6c59db5c147ce2b7d0536a23d48fa1a68c244,NewSale
0xeF0Ef28b882d166B732d00A01Ea762B9CCd3FE44,74722,0xbc2d6E7c81E7f35473b3594031FCC4c519fD24Ad,1,0x6850322fdcc2b02922964f3a0041906ae83bfa7a,1,275000000000000,55860000,142177,4927309,1742989369,0x09969d4db7170c5563624eb3d01e974478b070be50429357e7ddcfda93efef36,NewSale
0x86bB7A3Fac280460042A2fe62e6f8E4BB2b69139,74447,0xdc0F91C5a4D200FfC21658901c77c0fE1A14d199,0,0x80da7e2ccf2c3a33b19e26ebb72fe5a5e17851a9,1,625000000000000,55950000,150183,4927320,1742989391,0xf1c96cfc638bb8a2f41579226988c50c569eb9259ce00464a0e4b4cb9860d5ca,NewSale
0x406615789D055E9cb2A30e4D7D515C53b33d7737,74744,0xbc2d6E7c81E7f35473b3594031FCC4c519fD24Ad,0,0x362dff04e31f358766fe46ac5f90196d501c8355,1,269000000000000,56522419,140578,4927326,1742989403,0x1a94067aeec52d8e47b3fce7b9e686f89cd1353ebcf107992f74d8216db79247,NewSale
0x406615789D055E9cb2A30e4D7D515C53b33d7737,74745,0xbc2d6E7c81E7f35473b3594031FCC4c519fD24Ad,0,0x362dff04e31f358766fe46ac5f90196d501c8355,1,269000000000000,57665540,140578,4927345,1742989441,0xa58eb7a8556c3d4968794bd4760c3f2ee83a2ecfe15f8636d2cacd00a247690a,NewSale
0x2065b7a05102C48A44CB985a1E1f466ac9cEE08C,74727,0xbc2d6E7c81E7f35473b3594031FCC4c519fD24Ad,0,0x7809719aee3da29b85cf226c85ccdcc211c4a6b1,1,275000000000000,58295634,140578,4927353,1742989457,0x0e11afe7fdf012858e5d307db109440f102b0746cab39ba593728eb7bfddb98e,NewSale
0x406615789D055E9cb2A30e4D7D515C53b33d7737,74746,0xbc2d6E7c81E7f35473b3594031FCC4c519fD24Ad,1,0x362dff04e31f358766fe46ac5f90196d501c8355,1,269000000000000,58744111,140578,4927367,1742989485,0x2d1ce5267f5f5b49be27b8a78cdf455b1a8d91e5b166c99d77b6702e5cc1c055,NewSale
0x2065b7a05102C48A44CB985a1E1f466ac9cEE08C,74732,0xbc2d6E7c81E7f35473b3594031FCC4c519fD24Ad,0,0xc37a684569afd8dc398eae80a6e7480eeb5f309d,1,275000000000000,113096137,140578,4927391,1742989533,0xeda5bb8d4e14ffdf3ed137a6fbe130eeb4c70f19e8b56587ebfc04c829b19a0b,NewSale
0x406615789D055E9cb2A30e4D7D515C53b33d7737,74748,0xbc2d6E7c81E7f35473b3594031FCC4c519fD24Ad,1,0x362dff04e31f358766fe46ac5f90196d501c8355,1,269000000000000,59460551,135778,4927392,1742989535,0x52c05a5b8111722d9012d729689de1e6b4ce2ba064ee4a961070c3475a4b29d3,NewSale
0x406615789D055E9cb2A30e4D7D515C53b33d7737,74749,0xbc2d6E7c81E7f35473b3594031FCC4c519fD24Ad,0,0x1174f081468e4339d11d7914c44dd735d555d2df,1,269000000000000,59481972,140578,4927404,1742989559,0xab0bcacfe4addb789aabd19e544624709acbd2f31903425383be77539bbdf60c,NewSale
