listing_creator,listing_id,asset_contract,token_id,buyer,quantity_bought,total_price_paid,gas_price,gas_used,block_number,timestamp,transaction_hash,event_type
0x2e205ebEa4B8e1d6Cdf8B808053780f76a0531Ca,76728,0xbc2d6E7c81E7f35473b3594031FCC4c519fD24Ad,1,0xa499490597d9b9a5fa2e478b5b9c07c83e97a199,1,16064999999999998000,14090000,165078,4951331,1743037413,0x1ed5a203d6566ee4793fabbf7b547ad0bf2b42afbc31428c2d553b5dcb97e597,NewSale
0x45fB6a9ad7c77B8a8C6035Ff69eCaA64B0BB0bB2,76721,0xbc2d6E7c81E7f35473b3594031FCC4c519fD24Ad,1,0x98be45314d731272b80662bf1f35b39573af69ff,1,230000000000000,14337123,152878,4951332,1743037415,0x3525461bbc0cab4f261e2622faf3f478977a6d39ec4c26acb6031ec059c3faed,NewSale
0x2e205ebEa4B8e1d6Cdf8B808053780f76a0531Ca,76728,0xbc2d6E7c81E7f35473b3594031FCC4c519fD24Ad,1,0xa499490597d9b9a5fa2e478b5b9c07c83e97a199,1,16064999999999998000,14260000,165078,4951344,1743037439,0x1d2f0c6ac7a4e0abba3703faddb3d723e002f2f9ca1f01a25f4b8aad26440b55,NewSale
0xE4f4BaEd82d30f2244fE1722aeda37dEF4B38Ddc,76727,0xbc2d6E7c81E7f35473b3594031FCC4c519fD24Ad,1,0x98be45314d731272b80662bf1f35b39573af69ff,1,229000000000000,14772494,135778,4951345,1743037441,0x9d071651d8fef90d4d429420abd8ef69a082dd5c8da66d0444b20806d5070ee9,NewSale
0x2e205ebEa4B8e1d6Cdf8B808053780f76a0531Ca,76728,0xbc2d6E7c81E7f35473b3594031FCC4c519fD24Ad,1,0xa499490597d9b9a5fa2e478b5b9c07c83e97a199,1,16064999999999998000,14810000,165078,4951356,1743037463,0x4f07f78d6749e55feb4caeca0393398952658410fa40823d5c209a969485010f,NewSale
0x2e205ebEa4B8e1d6Cdf8B808053780f76a0531Ca,76728,0xbc2d6E7c81E7f35473b3594031FCC4c519fD24Ad,1,0xa499490597d9b9a5fa2e478b5b9c07c83e97a199,1,16064999999999998000,15080000,165078,4951372,1743037495,0xe059faf3d87d246543783af1b4acd4fb34956c818f1f95c9762d4351b1be04b5,NewSale
0x08fB8628ef793C70Fb00085A6E2ad91e40f0a42E,76732,0xbc2d6E7c81E7f35473b3594031FCC4c519fD24Ad,0,0x98be45314d731272b80662bf1f35b39573af69ff,1,230000000000000,15464469,140578,4951375,1743037501,0xa482d44f21ee635ea9937da546e645e46825a0c499fdb48ad92b5d79d2a3aff8,NewSale
0x2e205ebEa4B8e1d6Cdf8B808053780f76a0531Ca,76728,0xbc2d6E7c81E7f35473b3594031FCC4c519fD24Ad,1,0xa499490597d9b9a5fa2e478b5b9c07c83e97a199,1,16064999999999998000,15460000,160278,4951386,1743037523,0xd0207f6c183131f89c83147b5fe3e750401474106356ff2b6adb2ff82e4d8858,NewSale
0x1e5b35B91c8a3e240CbdAc8116e87a5B6D0395ec,76733,0xbc2d6E7c81E7f35473b3594031FCC4c519fD24Ad,0,0x45fb6a9ad7c77b8a8c6035ff69ecaa64b0bb0bb2,1,230000000000000,15580000,140578,4951396,1743037543,0xf7d21c0eb9f7e7c2b8a8ed3f8d5802135263d2fea1ef259051343b139ae34fb0,NewSale
0x45fB6a9ad7c77B8a8C6035Ff69eCaA64B0BB0bB2,76743,0xbc2d6E7c81E7f35473b3594031FCC4c519fD24Ad,0,0x9cfce0b3cbf61c73eb742612739e99d2050ee20b,1,230000000000000,15730000,140578,4951407,1743037565,0xe7e49626c130db231c063fc72a0bf32027394cc8c208a46eb87193cd0ffb0e84,NewSale
0x67283084ea6dB3Dd49410057990C1237CF529A60,76734,0xbc2d6E7c81E7f35473b3594031FCC4c519fD24Ad,0,0x578c502656cfc902133ef24c8b0cbe727087a33f,1,230000000000000,15920000,140578,4951409,1743037569,0x6331bd24a704946b4ebc5b3c9e0901103429ffdec79c60b3abc9e2b967c08592,NewSale
0x2e205ebEa4B8e1d6Cdf8B808053780f76a0531Ca,76728,0xbc2d6E7c81E7f35473b3594031FCC4c519fD24Ad,1,0xa499490597d9b9a5fa2e478b5b9c07c83e97a199,1,16064999999999998000,15920000,165078,4951410,1743037571,0x66b814bb7fe57469135d8313cc335fa95a1ac5a53f6fa54fd82b79915ee44150,NewSale
0x578C502656CfC902133ef24C8B0CbE727087A33F,76745,0xbc2d6E7c81E7f35473b3594031FCC4c519fD24Ad,0,0x84b66972cc99d068f9e2eef9ce2eb7e914816587,1,230000000000000,16329248,140578,4951416,1743037583,0x346d267163b1f2f84bd995368854393468205034388dda45291bfb75826f6355,NewSale
0x578C502656CfC902133ef24C8B0CbE727087A33F,76736,0xbc2d6E7c81E7f35473b3594031FCC4c519fD24Ad,0,0x08fb8628ef793c70fb00085a6e2ad91e40f0a42e,1,230000000000000,16080000,140566,4951417,1743037585,0xec942b3b529dc262ad9e3c91297c153b1a62e3cc0fd789ab804113c2f62e6938,NewSale
0x45fB6a9ad7c77B8a8C6035Ff69eCaA64B0BB0bB2,76735,0xbc2d6E7c81E7f35473b3594031FCC4c519fD24Ad,0,0x1e5b35b91c8a3e240cbdac8116e87a5b6d0395ec,1,230000000000000,16300000,140578,4951427,1743037605,0xd22b22efb6a2be368ddc7faf1c5f62ee622b44162426d38e9049000f29957fee,NewSale
0x2e205ebEa4B8e1d6Cdf8B808053780f76a0531Ca,76728,0xbc2d6E7c81E7f35473b3594031FCC4c519fD24Ad,1,0xa499490597d9b9a5fa2e478b5b9c07c83e97a199,1,16064999999999998000,16300000,165078,4951428,1743037607,0x61ecdc1c476bfbbfd81f996285fbebd30ba7bca815262fe4676ece809e86d3a6,NewSale
0x08fB8628ef793C70Fb00085A6E2ad91e40f0a42E,76737,0xbc2d6E7c81E7f35473b3594031FCC4c519fD24Ad,0,0x67283084ea6db3dd49410057990c1237cf529a60,1,230000000000000,16640000,140566,4951440,1743037631,0xa28de8540ae2ed6ecba744ef49e3b87d45f53aa35ba2b9dfd783ac3d1b70fafb,NewSale
0x2e205ebEa4B8e1d6Cdf8B808053780f76a0531Ca,76728,0xbc2d6E7c81E7f35473b3594031FCC4c519fD24Ad,1,0xa499490597d9b9a5fa2e478b5b9c07c83e97a199,1,16064999999999998000,16640000,165078,4951447,1743037645,0xafca616581cc79a128b1d1b8365d3c7bb69fd2b685912cf7c9c13738099f245b,NewSale
0x45fB6a9ad7c77B8a8C6035Ff69eCaA64B0BB0bB2,76750,0xbc2d6E7c81E7f35473b3594031FCC4c519fD24Ad,0,0x1210f37ca12c0ef7ac98c83d5059b6c1680afa74,1,230000000000000,16900000,140578,4951458,1743037667,0x8698e396f0a8723a47380a604c75e56ea35b32a5049f86d8d9dec64ebea207b4,NewSale
0x2e205ebEa4B8e1d6Cdf8B808053780f76a0531Ca,76728,0xbc2d6E7c81E7f35473b3594031FCC4c519fD24Ad,1,0xa499490597d9b9a5fa2e478b5b9c07c83e97a199,1,16064999999999998000,17450000,165078,4951470,1743037691,0x6b799420a03cb36bf2a5b95bac9cf27841a28edca45dc2fd4be4c0a7aba24861,NewSale
0x1e5b35B91c8a3e240CbdAc8116e87a5B6D0395ec,76754,0xbc2d6E7c81E7f35473b3594031FCC4c519fD24Ad,0,0x1210f37ca12c0ef7ac98c83d5059b6c1680afa74,1,230000000000000,17460000,140578,4951476,1743037703,0x217636586cd0378b674ac877bc06ae334281645c96e73bb4861f62fa74f7fd76,NewSale
0x2e205ebEa4B8e1d6Cdf8B808053780f76a0531Ca,76728,0xbc2d6E7c81E7f35473b3594031FCC4c519fD24Ad,1,0xa499490597d9b9a5fa2e478b5b9c07c83e97a199,1,16064999999999998000,17840000,160278,4951490,1743037731,0x0246ddebeb92111ffacc8e084f31ae79f09fadbc12cdd3552ed0580dcd9ea992,NewSale
0x578C502656CfC902133ef24C8B0CbE727087A33F,76761,0xbc2d6E7c81E7f35473b3594031FCC4c519fD24Ad,0,0xe733d526f742fdb3c010796456100d46980761a1,1,230000000000000,17840000,157678,4951490,1743037731,0x3a006e360399ee0e3b1a8cb6c906045bbcfe9a4476b7de29dad85d2eefc2cfcb,NewSale
0x67283084ea6dB3Dd49410057990C1237CF529A60,76742,0xbc2d6E7c81E7f35473b3594031FCC4c519fD24Ad,0,0xa94e3fc6d0603eefda9155cd26101bf7b9080bd8,1,230000000000000,18171518,140578,4951492,1743037735,0x1d7f1699882ed672a981c695053bf59258c0a4a1fac1c7aba1f7e2cebf20b746,NewSale
0x1e5b35B91c8a3e240CbdAc8116e87a5B6D0395ec,76739,0xbc2d6E7c81E7f35473b3594031FCC4c519fD24Ad,0,0x84b66972cc99d068f9e2eef9ce2eb7e914816587,1,230000000000000,18513648,140578,4951506,1743037763,0xd04d8f6533a55359630e027e79ac920d96b7fbb3702137aaaedc05a78163589c,NewSale
0x80fe121B69163E17bd4e9CC573652e29E48fa4ae,76430,0xbc2d6E7c81E7f35473b3594031FCC4c519fD24Ad,1,0xe733d526f742fdb3c010796456100d46980761a1,1,19000000000000000000,18510000,180555,4951521,1743037793,0x5da11da18a65c21e5b1fc3f7803b3d01776efd4226844d40514c605e0ecbc026,NewSale
0x2e205ebEa4B8e1d6Cdf8B808053780f76a0531Ca,76728,0xbc2d6E7c81E7f35473b3594031FCC4c519fD24Ad,1,0xa499490597d9b9a5fa2e478b5b9c07c83e97a199,1,16064999999999998000,18510000,158667,4951521,1743037793,0x1d5b55f709f44bfdf36c7fc8584f8493a029afd9ea9b53f96ed5f96216e38713,NewSale
0x80fe121B69163E17bd4e9CC573652e29E48fa4ae,76428,0xbc2d6E7c81E7f35473b3594031FCC4c519fD24Ad,0,0xe733d526f742fdb3c010796456100d46980761a1,1,20000000000000000000,19160000,165066,4951539,1743037829,0x2c5a4af665f73369b9a926a454e5e86b17c0de572607c8a9658e429b6354bb72,NewSale
0x80fe121B69163E17bd4e9CC573652e29E48fa4ae,76375,0xbc2d6E7c81E7f35473b3594031FCC4c519fD24Ad,0,0xe733d526f742fdb3c010796456100d46980761a1,1,20000000000000000000,20330000,165066,4951584,1743037919,0x181d6d1b82b7dab8863164a8d5129f45aa30c55e3e864633c0e6f19213365d04,NewSale
0x08fB8628ef793C70Fb00085A6E2ad91e40f0a42E,76746,0xbc2d6E7c81E7f35473b3594031FCC4c519fD24Ad,0,0x84b66972cc99d068f9e2eef9ce2eb7e914816587,1,230000000000000,21318385,140578,4951606,1743037963,0x5db887cc2ac6c085f9f7b79d04b7e1f553ac3811a035e335b24dcc4d278cfba0,NewSale
0xE4f4BaEd82d30f2244fE1722aeda37dEF4B38Ddc,76759,0xEB255E4669Da7FeEf1F746a5a778b4e08b65a1A7,0,0xe733d526f742fdb3c010796456100d46980761a1,1,480000000000000,21100000,162471,4951606,1743037963,0xce81ccb3de5215adc50e726c2bbc6a20fa8e976a9829d40863aa2d5fdec02918,NewSale
0x2e205ebEa4B8e1d6Cdf8B808053780f76a0531Ca,76770,0xbc2d6E7c81E7f35473b3594031FCC4c519fD24Ad,1,0xa499490597d9b9a5fa2e478b5b9c07c83e97a199,1,16064999999999998000,21990000,199278,4951668,1743038087,0xe1fd10dba8fce120c9585aeacd907c5bc8fc72f9d3d4579b1cb19b913beec4e6,NewSale
0x020202E1EE7481E587C5F333918eDe01A5cc67A6,75673,0x897d1cBBeDC44c8371672e8cA72555b5194D6D86,0,0xe733d526f742fdb3c010796456100d46980761a1,1,1199000000000000,21940000,162499,4951673,1743038097,0x4198b7ad21449a6ec145c64017816b1836e90fd5079be2ecf162860fc78cb83e,NewSale
0x2e205ebEa4B8e1d6Cdf8B808053780f76a0531Ca,76770,0xbc2d6E7c81E7f35473b3594031FCC4c519fD24Ad,1,0xa499490597d9b9a5fa2e478b5b9c07c83e97a199,1,16064999999999998000,22580000,165078,4951690,1743038131,0x39c9c96de645f8ca8056c50aed6a98020114e9d5bbd6b3db11376be8f32e2f4a,NewSale
0x2e205ebEa4B8e1d6Cdf8B808053780f76a0531Ca,76770,0xbc2d6E7c81E7f35473b3594031FCC4c519fD24Ad,1,0xa499490597d9b9a5fa2e478b5b9c07c83e97a199,1,16064999999999998000,22740000,165078,4951706,1743038163,0x21898338d844ab7fc431781cf830e6c5ae729a12a590f5afa85a4d204a9a3685,NewSale
0x09570a3Ec41977b720f200e73221eb1B830acb1f,76776,0xbc2d6E7c81E7f35473b3594031FCC4c519fD24Ad,0,0xd8372992b259eafb0e51c13d6b907e9bf3be023f,1,228000000000000,23369965,135778,4951717,1743038185,0xd1b9a52a381c4b5ac9c3ee6127bf91e1dc3cce9bbef92946b28a17843e3a9623,NewSale
0x2e205ebEa4B8e1d6Cdf8B808053780f76a0531Ca,76770,0xbc2d6E7c81E7f35473b3594031FCC4c519fD24Ad,1,0xa499490597d9b9a5fa2e478b5b9c07c83e97a199,1,16064999999999998000,23380000,160278,4951720,1743038191,0xb563568672dffab80715325633d567b90f66f47851c1850f89eef66b2cd91224,NewSale
0x66907de460905CB2fc07d10e2c0031D610247684,76191,0x02e21A25F0038fa5BDEe9c0b77aC0c1E84d3d6f0,1651,0xe733d526f742fdb3c010796456100d46980761a1,1,25000000000000000000,23360000,178122,4951734,1743038219,0x27f43807746884b3e0dc5455ade366aaa5c0252da04c584e6fd257b7876b81f7,NewSale
0x2e205ebEa4B8e1d6Cdf8B808053780f76a0531Ca,76770,0xbc2d6E7c81E7f35473b3594031FCC4c519fD24Ad,1,0xa499490597d9b9a5fa2e478b5b9c07c83e97a199,1,16064999999999998000,23280000,165078,4951742,1743038235,0x384ba186cd0a9776b6885fb2e7c8837dd2e571b3350d9517e83e253a6889800d,NewSale
0x98bE45314D731272b80662bF1f35b39573AF69Ff,76769,0xbc2d6E7c81E7f35473b3594031FCC4c519fD24Ad,1,0x84b66972cc99d068f9e2eef9ce2eb7e914816587,1,230000000000000,23512337,140578,4951752,1743038255,0x545bdb317f2986154371d732410884e57552e66aa9a73f7e3dae6fb65dc6f64c,NewSale
0x2e205ebEa4B8e1d6Cdf8B808053780f76a0531Ca,76770,0xbc2d6E7c81E7f35473b3594031FCC4c519fD24Ad,1,0xa499490597d9b9a5fa2e478b5b9c07c83e97a199,1,16064999999999998000,23430000,165078,4951759,1743038269,0x549291f743d2e0a455936ef26d049131e7d3864616c91435abdd6b72b4c67204,NewSale
0x66907de460905CB2fc07d10e2c0031D610247684,76197,0x02e21A25F0038fa5BDEe9c0b77aC0c1E84d3d6f0,1790,0xe733d526f742fdb3c010796456100d46980761a1,1,25000000000000000000,23430000,161022,4951765,1743038281,0x13d1ad60aeb0fee618f1542bf9a7d6b5355498af96798f7dfa52caf8e146fb85,NewSale
0x2e205ebEa4B8e1d6Cdf8B808053780f76a0531Ca,76770,0xbc2d6E7c81E7f35473b3594031FCC4c519fD24Ad,1,0xa499490597d9b9a5fa2e478b5b9c07c83e97a199,1,16064999999999998000,23450000,165078,4951776,1743038303,0xb6ef19fa2b903294226b1ef9b7dea1c94afbdc5f1e5976d1b27f4c018dafe2eb,NewSale
0xb18E3cf475BE992c870B93622B8D1Ff77CFb98b7,75448,0x02e21A25F0038fa5BDEe9c0b77aC0c1E84d3d6f0,1429,0xe733d526f742fdb3c010796456100d46980761a1,1,35000000000000000000,23450000,156222,4951777,1743038305,0xef51766488e09ee791e5b45215da10fb2a6819f6428820a73262cebdc7c01b66,NewSale
0x2e205ebEa4B8e1d6Cdf8B808053780f76a0531Ca,76770,0xbc2d6E7c81E7f35473b3594031FCC4c519fD24Ad,1,0xa499490597d9b9a5fa2e478b5b9c07c83e97a199,1,16064999999999998000,23890000,165078,4951791,1743038333,0x9df2ec45bb73299a60f7f2732b34cfc9350174dc518874e668a82a94c4ad7cec,NewSale
0x1e5b35B91c8a3e240CbdAc8116e87a5B6D0395ec,76763,0xbc2d6E7c81E7f35473b3594031FCC4c519fD24Ad,0,0x84b66972cc99d068f9e2eef9ce2eb7e914816587,1,230000000000000,23988671,140578,4951806,1743038363,0x092f7a1d91982ba6fb0662b8274b3ca622983b05bbb08f45f7c1ed449d4e6be1,NewSale
0x66907de460905CB2fc07d10e2c0031D610247684,76185,0x02e21A25F0038fa5BDEe9c0b77aC0c1E84d3d6f0,1648,0xe733d526f742fdb3c010796456100d46980761a1,1,900000,23890000,171117,4951807,1743038365,0x4d9d620a1a680efea25fe77f19ad66870a43b5a75b205c4269f601f1f2c1204e,NewSale
0x2e205ebEa4B8e1d6Cdf8B808053780f76a0531Ca,76770,0xbc2d6E7c81E7f35473b3594031FCC4c519fD24Ad,1,0xa499490597d9b9a5fa2e478b5b9c07c83e97a199,1,16064999999999998000,23890000,160278,4951809,1743038369,0xfce0845beb7a1de5b322fc310426a0596d1271d12b7b256f50787cd0c79869fc,NewSale
0xE4f4BaEd82d30f2244fE1722aeda37dEF4B38Ddc,76720,0xdc0F91C5a4D200FfC21658901c77c0fE1A14d199,0,0x787fb7b34d2c1b4a29569c42d074ea19ecd51d80,1,580000000000000,24012459,145383,4951814,1743038379,0x72fdc04dd04e8940209e78f461c66bbc1f693c9b85abca08a31c9ca3111c3380,NewSale
0x2e205ebEa4B8e1d6Cdf8B808053780f76a0531Ca,76770,0xbc2d6E7c81E7f35473b3594031FCC4c519fD24Ad,1,0xa499490597d9b9a5fa2e478b5b9c07c83e97a199,1,16064999999999998000,23880000,165078,4951838,1743038427,0x04336b18e3d1543d9d659841ac0863f08a6f1619140dad79730211b467c03bfa,NewSale
0x1e5b35B91c8a3e240CbdAc8116e87a5B6D0395ec,76747,0xbc2d6E7c81E7f35473b3594031FCC4c519fD24Ad,0,0xd8372992b259eafb0e51c13d6b907e9bf3be023f,1,230000000000000,23541966,135778,4951851,1743038453,0x7d7525a00ede1db4683fd60b387d917babed5c61c7a0d9be660e08dc4beacf2c,NewSale
0x2e205ebEa4B8e1d6Cdf8B808053780f76a0531Ca,76770,0xbc2d6E7c81E7f35473b3594031FCC4c519fD24Ad,1,0xa499490597d9b9a5fa2e478b5b9c07c83e97a199,1,16064999999999998000,23710000,165078,4951855,1743038461,0x669472c57f23ba5176fbc7a917b67cf29ffd891de31bd6f269b0fa7bb9938eda,NewSale
0x2e205ebEa4B8e1d6Cdf8B808053780f76a0531Ca,76770,0xbc2d6E7c81E7f35473b3594031FCC4c519fD24Ad,1,0xa499490597d9b9a5fa2e478b5b9c07c83e97a199,1,16064999999999998000,23540000,165078,4951874,1743038499,0xfd359be1a96e70200152cba36b025b39e7de197ba9b7158b7e9da68cb14b7255,NewSale
0x2e205ebEa4B8e1d6Cdf8B808053780f76a0531Ca,76770,0xbc2d6E7c81E7f35473b3594031FCC4c519fD24Ad,1,0xa499490597d9b9a5fa2e478b5b9c07c83e97a199,1,16064999999999998000,23390000,165078,4951892,1743038535,0x3d5433415a0c898c30e4e80ef17147c71bbad212c55b3e2f13a7db23faa61bf5,NewSale
0x2e205ebEa4B8e1d6Cdf8B808053780f76a0531Ca,76770,0xbc2d6E7c81E7f35473b3594031FCC4c519fD24Ad,1,0xa499490597d9b9a5fa2e478b5b9c07c83e97a199,1,16064999999999998000,23300000,160278,4951912,1743038575,0xfb95f542cd01ab16cd80b5569bc6386b213b4974463f1b54cbd862e862b3102b,NewSale
0x2e205ebEa4B8e1d6Cdf8B808053780f76a0531Ca,76770,0xbc2d6E7c81E7f35473b3594031FCC4c519fD24Ad,1,0xa499490597d9b9a5fa2e478b5b9c07c83e97a199,1,16064999999999998000,22860000,165078,4951938,1743038627,0x13652f61cee9e77e88b7e48d9e576f3275ceaae0b7b02eabfa34c64512c67127,NewSale
0x67283084ea6dB3Dd49410057990C1237CF529A60,76748,0xbc2d6E7c81E7f35473b3594031FCC4c519fD24Ad,0,0x071ea29b885fd0294ef99c4caaa9b014838c31ba,1,230000000000000,22773463,140578,4951938,1743038627,0x5a1a2f50d53bc9e4ddd4e7dc3aab2c0d081c79b75a4488312115fee32e7da285,NewSale
0x2e205ebEa4B8e1d6Cdf8B808053780f76a0531Ca,76770,0xbc2d6E7c81E7f35473b3594031FCC4c519fD24Ad,1,0xa499490597d9b9a5fa2e478b5b9c07c83e97a199,1,16064999999999998000,22840000,165078,4951956,1743038663,0x1bdeb6213ebecb782eba8c047b23dbd87dd177da42c30d878c62fb768555b599,NewSale
0xd8372992b259eaFb0E51c13d6B907e9BF3BE023f,76780,0xbc2d6E7c81E7f35473b3594031FCC4c519fD24Ad,0,0x071ea29b885fd0294ef99c4caaa9b014838c31ba,1,228000000000000,22700661,140578,4951957,1743038665,0x03eb0b7b7cffdb63016ad2c806a342254a75f00fb7c38fd4458713fbd169823e,NewSale
0x2e205ebEa4B8e1d6Cdf8B808053780f76a0531Ca,76770,0xbc2d6E7c81E7f35473b3594031FCC4c519fD24Ad,1,0xa499490597d9b9a5fa2e478b5b9c07c83e97a199,1,16064999999999998000,22710000,158667,4951976,1743038703,0x7cd37eeb5eb3ac13f419d7b4a770bd1155066502ac1db6b44aea156db7aef95a,NewSale
0xd8372992b259eaFb0E51c13d6B907e9BF3BE023f,76783,0xbc2d6E7c81E7f35473b3594031FCC4c519fD24Ad,0,0x071ea29b885fd0294ef99c4caaa9b014838c31ba,1,228000000000000,22443901,140578,4951976,1743038703,0x9315c3db4d112300c547d0aee2a5ebf824ddb5304ed356771219a1f7ac97e346,NewSale
0x5ff2A8badBa050C14528A3442789BCF22484c9fa,74465,0xbc2d6E7c81E7f35473b3594031FCC4c519fD24Ad,0,0xccce1a6e4730a31ab7e6e81c4634f562218373df,1,286000000000000,22361756,157690,4952021,1743038793,0x5aa0fff2a7326c0d8f64ab449eccb2936c685327e247ebe8a1964be1e2121614,NewSale
0x2e205ebEa4B8e1d6Cdf8B808053780f76a0531Ca,76786,0xbc2d6E7c81E7f35473b3594031FCC4c519fD24Ad,1,0xa499490597d9b9a5fa2e478b5b9c07c83e97a199,1,16064999999999998000,22210000,182178,4952054,1743038859,0x856b829a2cbf418d50ae45e4c01c76907a80e1012553a16d69ce5e30ca67c4ff,NewSale
0x2e205ebEa4B8e1d6Cdf8B808053780f76a0531Ca,76786,0xbc2d6E7c81E7f35473b3594031FCC4c519fD24Ad,1,0xa499490597d9b9a5fa2e478b5b9c07c83e97a199,1,16064999999999998000,22340000,160278,4952068,1743038887,0x77b82a187bf05df848785b036da533322ab76471a3e47031a7b9d0eede62954d,NewSale
0x2e205ebEa4B8e1d6Cdf8B808053780f76a0531Ca,76786,0xbc2d6E7c81E7f35473b3594031FCC4c519fD24Ad,1,0xa499490597d9b9a5fa2e478b5b9c07c83e97a199,1,16064999999999998000,22460000,165078,4952087,1743038925,0x801c8b790c76ac52ef51836720bbf4bfc2ef3f722bdf0ca0c7c18a7b613bf796,NewSale
0x2e205ebEa4B8e1d6Cdf8B808053780f76a0531Ca,76786,0xbc2d6E7c81E7f35473b3594031FCC4c519fD24Ad,1,0xa499490597d9b9a5fa2e478b5b9c07c83e97a199,1,16064999999999998000,22520000,165078,4952107,1743038965,0x92fb59fc2def49f196088a661b7e2c7712602b3c7a4056d6b98dd7be821e2b20,NewSale
0x9677B30eA760d93c7E114a5a5946783A9A93b281,76767,0xbc2d6E7c81E7f35473b3594031FCC4c519fD24Ad,0,0x9e009d6acf4f91823460bcbea55990d19a7b8a9a,1,230000000000000,22490000,135766,4952125,1743039001,0x8c954f263724ec89df9bd9a45ddaf0b864fd9c04f29edfbc780c870340501639,NewSale
0x2e205ebEa4B8e1d6Cdf8B808053780f76a0531Ca,76786,0xbc2d6E7c81E7f35473b3594031FCC4c519fD24Ad,1,0xa499490597d9b9a5fa2e478b5b9c07c83e97a199,1,16064999999999998000,22540000,165078,4952126,1743039003,0xeb1ed13eea4e4b5ce09595a553f4b747707533adab06809276423051b8b32740,NewSale
0x2e205ebEa4B8e1d6Cdf8B808053780f76a0531Ca,76786,0xbc2d6E7c81E7f35473b3594031FCC4c519fD24Ad,1,0xa499490597d9b9a5fa2e478b5b9c07c83e97a199,1,16064999999999998000,22550000,165078,4952146,1743039043,0x840b444892e228149280fc12dab72b8babd02b8a275a8df3a1099c4c002c4e0e,NewSale
0xa94e3FC6D0603EeFDa9155CD26101bf7b9080Bd8,76774,0xbc2d6E7c81E7f35473b3594031FCC4c519fD24Ad,0,0x84b66972cc99d068f9e2eef9ce2eb7e914816587,1,240000000000000,22698231,140566,4952149,1743039049,0x96586d150ce83b89383ce9f2e163e2c83c6a457a3e87d8801e89b93f1eb01a77,NewSale
0x08fB8628ef793C70Fb00085A6E2ad91e40f0a42E,76753,0xbc2d6E7c81E7f35473b3594031FCC4c519fD24Ad,0,0x9e009d6acf4f91823460bcbea55990d19a7b8a9a,1,230000000000000,22550000,140566,4952152,1743039055,0xaf2f5d7584e0861384783fae903d171847aa30e5a6cae8119a767d2ac36e8ecc,NewSale
0x2e205ebEa4B8e1d6Cdf8B808053780f76a0531Ca,76786,0xbc2d6E7c81E7f35473b3594031FCC4c519fD24Ad,1,0xa499490597d9b9a5fa2e478b5b9c07c83e97a199,1,16064999999999998000,22580000,160278,4952165,1743039081,0xa3dc2ab94fa5431f801dacd8391ca92c70637eff1a46c313b60df1d889c0f588,NewSale
0x08fB8628ef793C70Fb00085A6E2ad91e40f0a42E,76762,0xbc2d6E7c81E7f35473b3594031FCC4c519fD24Ad,0,0x9e009d6acf4f91823460bcbea55990d19a7b8a9a,1,230000000000000,22630000,135766,4952168,1743039087,0x4eabd0b1677f90da02659b9b9b2cf29810b486c14c5feabd73ab416dd82ba189,NewSale
0x67283084ea6dB3Dd49410057990C1237CF529A60,76764,0xbc2d6E7c81E7f35473b3594031FCC4c519fD24Ad,0,0x9e009d6acf4f91823460bcbea55990d19a7b8a9a,1,230000000000000,22600000,135766,4952180,1743039111,0xa8831dabb7c471fd497b1f9de8a0e8d821d9c8b66bf14e8945496680d636141d,NewSale
0x2e205ebEa4B8e1d6Cdf8B808053780f76a0531Ca,76786,0xbc2d6E7c81E7f35473b3594031FCC4c519fD24Ad,1,0xa499490597d9b9a5fa2e478b5b9c07c83e97a199,1,16064999999999998000,22480000,165078,4952185,1743039121,0x8c8d62da785d19a5b73f98ca327d45ad62a0828601bea414dbd0a4b9d34e46f4,NewSale
0x2e205ebEa4B8e1d6Cdf8B808053780f76a0531Ca,76786,0xbc2d6E7c81E7f35473b3594031FCC4c519fD24Ad,1,0xa499490597d9b9a5fa2e478b5b9c07c83e97a199,1,16064999999999998000,22430000,165078,4952197,1743039145,0x3c86b0845f610b315ce2c33ca49bf4e695993f1753c75ebf8fe02de16b5372a3,NewSale
0x2e205ebEa4B8e1d6Cdf8B808053780f76a0531Ca,76786,0xbc2d6E7c81E7f35473b3594031FCC4c519fD24Ad,1,0xa499490597d9b9a5fa2e478b5b9c07c83e97a199,1,16064999999999998000,22450000,165078,4952214,1743039179,0xa38583200e49fde0bb05a9885ad18c1535ee5bb9ade103584f76bb50c66d806c,NewSale
0x45fB6a9ad7c77B8a8C6035Ff69eCaA64B0BB0bB2,76760,0xbc2d6E7c81E7f35473b3594031FCC4c519fD24Ad,0,0x9e009d6acf4f91823460bcbea55990d19a7b8a9a,1,230000000000000,22440000,135766,4952217,1743039185,0xe1c54ce7e6890b8652e3fd108ab6cc72eb1301d94a4b6866d462e858103795dd,NewSale
0xd8372992b259eaFb0E51c13d6B907e9BF3BE023f,76782,0xbc2d6E7c81E7f35473b3594031FCC4c519fD24Ad,0,0x6913b9fb7519c7ec201243a7a711be43ca0a9fa4,1,228000000000000,22276651,152878,4952221,1743039193,0x511d61cca6da4cf8e36f4c19242214900b859495c84a919cdde7b9ca588a09c6,NewSale
0x2e205ebEa4B8e1d6Cdf8B808053780f76a0531Ca,76786,0xbc2d6E7c81E7f35473b3594031FCC4c519fD24Ad,1,0xa499490597d9b9a5fa2e478b5b9c07c83e97a199,1,16064999999999998000,22390000,165078,4952232,1743039215,0xc3a95892c7c5de3934f2ff295e2386124c812883271d57530b369d0091549214,NewSale
0x2e205ebEa4B8e1d6Cdf8B808053780f76a0531Ca,76786,0xbc2d6E7c81E7f35473b3594031FCC4c519fD24Ad,1,0xa499490597d9b9a5fa2e478b5b9c07c83e97a199,1,16064999999999998000,22440000,160278,4952246,1743039243,0x23a22f970ef038cd0fda26a2a556d55dbebf7f1475d80f72d84575526795386b,NewSale
0x2e205ebEa4B8e1d6Cdf8B808053780f76a0531Ca,76786,0xbc2d6E7c81E7f35473b3594031FCC4c519fD24Ad,1,0xa499490597d9b9a5fa2e478b5b9c07c83e97a199,1,16064999999999998000,22560000,165078,4952269,1743039289,0xa30023c4d36e2d57e1d0e68f8a8700688e2c3c196ce63d34e6de7e121bddda2b,NewSale
0x578C502656CfC902133ef24C8B0CbE727087A33F,76751,0xbc2d6E7c81E7f35473b3594031FCC4c519fD24Ad,0,0x84b66972cc99d068f9e2eef9ce2eb7e914816587,1,230000000000000,22417605,135778,4952271,1743039293,0x194251e33c94837d889fd7611c52242dbec675d3eb40135fdf043bd024eddbed,NewSale
0x2e205ebEa4B8e1d6Cdf8B808053780f76a0531Ca,76786,0xbc2d6E7c81E7f35473b3594031FCC4c519fD24Ad,1,0xa499490597d9b9a5fa2e478b5b9c07c83e97a199,1,16064999999999998000,22320000,165078,4952287,1743039325,0xa3d6f07136c8d9a9e567f5cab3ed4eb5b1674b43c6643f1677cb1280fd6bec96,NewSale
0x2e205ebEa4B8e1d6Cdf8B808053780f76a0531Ca,76786,0xbc2d6E7c81E7f35473b3594031FCC4c519fD24Ad,1,0xa499490597d9b9a5fa2e478b5b9c07c83e97a199,1,16064999999999998000,22020000,165078,4952306,1743039363,0x877a83d2f4e4f681993c09593a71387d56d00abf474816592b1b55d27e205830,NewSale
0x2e205ebEa4B8e1d6Cdf8B808053780f76a0531Ca,76786,0xbc2d6E7c81E7f35473b3594031FCC4c519fD24Ad,1,0xa499490597d9b9a5fa2e478b5b9c07c83e97a199,1,16064999999999998000,21820000,165078,4952318,1743039387,0x9f3bc780f2ef237ecbd442c6dd4c33abf5cd6b2aa51a43a299d9c12f7bdd7c26,NewSale
0x2e205ebEa4B8e1d6Cdf8B808053780f76a0531Ca,76786,0xbc2d6E7c81E7f35473b3594031FCC4c519fD24Ad,1,0xa499490597d9b9a5fa2e478b5b9c07c83e97a199,1,16064999999999998000,21750000,153867,4952338,1743039427,0x2265def721bb3267657338f7d8b46d83ae1771414493071fe53f16f50a58784c,NewSale
0xe2b827b695a84D29D56368F339001e7Fd496a5B0,76797,0xbc2d6E7c81E7f35473b3594031FCC4c519fD24Ad,0,0x2e8b3c0b1f92a54a088d778ae77aec02b59e1ffa,1,261230000000000,21399258,152878,4952344,1743039439,0xfebe8074b5ac94a3efaa8cb3925d251de37898b1783e94a5f310ef7a45170dab,NewSale
0x9A7F0409d50DC3F8338c5E9167a8aA6Eeb2CA562,76793,0xdc0F91C5a4D200FfC21658901c77c0fE1A14d199,0,0x330b553487bc90848dc930db21c02e0743bd77b4,1,588000000000000,21268902,162483,4952358,1743039467,0x0495192c82858b625bd07e03716d462c5a9e1fd51c2900565ec4140b75eb126b,NewSale
0x2e205ebEa4B8e1d6Cdf8B808053780f76a0531Ca,76803,0xbc2d6E7c81E7f35473b3594031FCC4c519fD24Ad,1,0xa499490597d9b9a5fa2e478b5b9c07c83e97a199,1,16064999999999998000,20980000,182178,4952422,1743039595,0xf1366e0fa03664161b113082e1a007f6444f756bd68c930c7d8a67650139164d,NewSale
0x2e205ebEa4B8e1d6Cdf8B808053780f76a0531Ca,76803,0xbc2d6E7c81E7f35473b3594031FCC4c519fD24Ad,1,0xa499490597d9b9a5fa2e478b5b9c07c83e97a199,1,16064999999999998000,20970000,165078,4952435,1743039621,0x9b5f9209ef8ad16055525021baf558bb843f2f1a642927946464cc635a6c7515,NewSale
0x751558F4D5E6aC4D44894e701Ca468A2f98512De,66032,0x897d1cBBeDC44c8371672e8cA72555b5194D6D86,0,0xe4f4baed82d30f2244fe1722aeda37def4b38ddc,1,50000000000000000000,20943027,193357,4952435,1743039621,0xfeff1b5e9e4a071f3609e06911d19e2d6327f2f28a082645c8d22f73b01067e5,NewSale
0x2e205ebEa4B8e1d6Cdf8B808053780f76a0531Ca,76803,0xbc2d6E7c81E7f35473b3594031FCC4c519fD24Ad,1,0xa499490597d9b9a5fa2e478b5b9c07c83e97a199,1,16064999999999998000,20950000,165078,4952453,1743039657,0x29e75ca9d2c688056f2c297a5f6be93e36b9af6e3fadcb1f99687025e2097a58,NewSale
0x2e205ebEa4B8e1d6Cdf8B808053780f76a0531Ca,76803,0xbc2d6E7c81E7f35473b3594031FCC4c519fD24Ad,1,0xa499490597d9b9a5fa2e478b5b9c07c83e97a199,1,16064999999999998000,20910000,165078,4952467,1743039685,0x47b897ce0421fc2161d8c59a0b5024ce353f090bab33db1db56cda77e13d759d,NewSale
0x6913B9FB7519C7eC201243A7a711bE43CA0a9FA4,76802,0xbc2d6E7c81E7f35473b3594031FCC4c519fD24Ad,0,0x32e651fb28164021dd47562d5ac69b5e97105376,1,228000000000000,20766671,152878,4952473,1743039697,0xd4a94f7fa0826c891c6ec26b08822e7f9433b94b3a01d00c984e2f1277cf52db,NewSale
0x2e205ebEa4B8e1d6Cdf8B808053780f76a0531Ca,76803,0xbc2d6E7c81E7f35473b3594031FCC4c519fD24Ad,1,0xa499490597d9b9a5fa2e478b5b9c07c83e97a199,1,16064999999999998000,20810000,160278,4952484,1743039719,0x3ef057743f1c29a4ca22283b3e4604725334eba59f3a777f651de47e24f974d4,NewSale
0x2e205ebEa4B8e1d6Cdf8B808053780f76a0531Ca,76803,0xbc2d6E7c81E7f35473b3594031FCC4c519fD24Ad,1,0xa499490597d9b9a5fa2e478b5b9c07c83e97a199,1,16064999999999998000,20610000,165078,4952514,1743039779,0x493eea67cb74dcaf28fdc8e527d971ab22b6d23140a3777612a375304b6eaba4,NewSale
0x2e205ebEa4B8e1d6Cdf8B808053780f76a0531Ca,76803,0xbc2d6E7c81E7f35473b3594031FCC4c519fD24Ad,1,0xa499490597d9b9a5fa2e478b5b9c07c83e97a199,1,16064999999999998000,20590000,165078,4952531,1743039813,0x92d86e85dbfa32885968c1d860ba4abdf57a6816108fd20b98eda98520e918a7,NewSale
0x2e205ebEa4B8e1d6Cdf8B808053780f76a0531Ca,76803,0xbc2d6E7c81E7f35473b3594031FCC4c519fD24Ad,1,0xa499490597d9b9a5fa2e478b5b9c07c83e97a199,1,16064999999999998000,20480000,165078,4952553,1743039857,0xaf36c4cde719bf96d38144abee718aef21fa5da02e8b9ba59d97b95799615303,NewSale
0x2e205ebEa4B8e1d6Cdf8B808053780f76a0531Ca,76803,0xbc2d6E7c81E7f35473b3594031FCC4c519fD24Ad,1,0xa499490597d9b9a5fa2e478b5b9c07c83e97a199,1,16064999999999998000,20520000,165078,4952570,1743039891,0x9ebf0e83c86ed15197c309813535e09e6d76f63604c348b14b301ededf9b53a8,NewSale
0x2e205ebEa4B8e1d6Cdf8B808053780f76a0531Ca,76803,0xbc2d6E7c81E7f35473b3594031FCC4c519fD24Ad,1,0xa499490597d9b9a5fa2e478b5b9c07c83e97a199,1,16064999999999998000,20490000,160278,4952583,1743039917,0x5d9c7b93b9d548372a4a1923068da5f58d4c4d7a6984813b203d41b942deefc7,NewSale
0x2e205ebEa4B8e1d6Cdf8B808053780f76a0531Ca,76803,0xbc2d6E7c81E7f35473b3594031FCC4c519fD24Ad,1,0xa499490597d9b9a5fa2e478b5b9c07c83e97a199,1,16064999999999998000,20410000,165078,4952612,1743039975,0x4d9ad5b089424fe202c3d59a4cdfce79e272d110330e720ffd4a87b7c72fd0e0,NewSale
0x98bE45314D731272b80662bF1f35b39573AF69Ff,76772,0xbc2d6E7c81E7f35473b3594031FCC4c519fD24Ad,1,0x81a3117b9af9a4d15455d9cdf21bf6544f6bc39f,1,230000000000000,20395840,152878,4952616,1743039983,0xe38b9914dac17f865877bca7e5e4d61ad147370d0ba638b253dd44ffedb97247,NewSale
0x2e205ebEa4B8e1d6Cdf8B808053780f76a0531Ca,76803,0xbc2d6E7c81E7f35473b3594031FCC4c519fD24Ad,1,0xa499490597d9b9a5fa2e478b5b9c07c83e97a199,1,16064999999999998000,20390000,165078,4952639,1743040029,0xb6904bd68ee3cf89cb34072b7cca70ceb831c4af09c3b34134e0c3b989d10be0,NewSale
0x2e205ebEa4B8e1d6Cdf8B808053780f76a0531Ca,76803,0xbc2d6E7c81E7f35473b3594031FCC4c519fD24Ad,1,0xa499490597d9b9a5fa2e478b5b9c07c83e97a199,1,16064999999999998000,20680000,165078,4952665,1743040081,0x7c9a010f717e126fe3471606fc914048934297a37fa5817e53ef7ef3b0e097d9,NewSale
0x2e205ebEa4B8e1d6Cdf8B808053780f76a0531Ca,76803,0xbc2d6E7c81E7f35473b3594031FCC4c519fD24Ad,1,0xa499490597d9b9a5fa2e478b5b9c07c83e97a199,1,16064999999999998000,20680000,165078,4952679,1743040109,0x5a93f6915c946e2909c4c0ed262d248e1dd8d07d3a05ac7acd6ec64a0d55fbd6,NewSale
0xae677835fC2b0f638b9B3881D8B4e4A87dc9b862,76790,0xdc0F91C5a4D200FfC21658901c77c0fE1A14d199,0,0xb7183377dea350f39998bbd6167bb90ff6e50180,1,500000000000000,20747961,145383,4952685,1743040121,0x8016012eddd799740418223f6aede28b10cedc8d8117c1fb3ded7190bed68541,NewSale
0x2e205ebEa4B8e1d6Cdf8B808053780f76a0531Ca,76803,0xbc2d6E7c81E7f35473b3594031FCC4c519fD24Ad,1,0xa499490597d9b9a5fa2e478b5b9c07c83e97a199,1,16064999999999998000,20660000,160278,4952695,1743040141,0x819c11bac29eaa47690b676f97758fdea587011dda3582dc34c018cff304bb2c,NewSale
0x2e205ebEa4B8e1d6Cdf8B808053780f76a0531Ca,76803,0xbc2d6E7c81E7f35473b3594031FCC4c519fD24Ad,1,0xa499490597d9b9a5fa2e478b5b9c07c83e97a199,1,16064999999999998000,20700000,165078,4952722,1743040195,0x2fb9bcb5a35a62a341c70e7872942fa32e62e2b31d5871dacc704a1b3a29a330,NewSale
0x2E8b3C0b1F92A54a088D778Ae77Aec02b59e1Ffa,76814,0xbc2d6E7c81E7f35473b3594031FCC4c519fD24Ad,0,0x190a33f3370b2ea46645ba98965e79c2046e7359,1,261230000000000,20870000,135778,4952728,1743040207,0xb6ba06a723e1418195d318298027c5a14b3316d7e1c213006cccdafb0406a4b9,NewSale
0x2e205ebEa4B8e1d6Cdf8B808053780f76a0531Ca,76803,0xbc2d6E7c81E7f35473b3594031FCC4c519fD24Ad,1,0xa499490597d9b9a5fa2e478b5b9c07c83e97a199,1,16064999999999998000,20890000,158667,4952735,1743040221,0x2cab65feb3ce58064921f05e6720b3d15bf2e496cbb67cb07645d3b80a16ffc2,NewSale
0x2e205ebEa4B8e1d6Cdf8B808053780f76a0531Ca,76832,0xbc2d6E7c81E7f35473b3594031FCC4c519fD24Ad,1,0xa499490597d9b9a5fa2e478b5b9c07c83e97a199,1,16064999999999998000,21760000,182178,4952834,1743040419,0x3350e5a746f501cce1ea23ef27c5f2dec05c71d253dd0345a5944e6e27631416,NewSale
0x2e205ebEa4B8e1d6Cdf8B808053780f76a0531Ca,76832,0xbc2d6E7c81E7f35473b3594031FCC4c519fD24Ad,1,0xa499490597d9b9a5fa2e478b5b9c07c83e97a199,1,16064999999999998000,21910000,165078,4952849,1743040449,0xcd2ca4c15eafba5902735842ab8984ec568b8711fe7c3bb39487bab5817de5c1,NewSale
0x2e205ebEa4B8e1d6Cdf8B808053780f76a0531Ca,76832,0xbc2d6E7c81E7f35473b3594031FCC4c519fD24Ad,1,0xa499490597d9b9a5fa2e478b5b9c07c83e97a199,1,16064999999999998000,21960000,160278,4952864,1743040479,0x0600c0526484b37a81b54ebad5b33b3666e776e940380143eac46232f43a3721,NewSale
0x2e205ebEa4B8e1d6Cdf8B808053780f76a0531Ca,76832,0xbc2d6E7c81E7f35473b3594031FCC4c519fD24Ad,1,0xa499490597d9b9a5fa2e478b5b9c07c83e97a199,1,16064999999999998000,22290000,182178,4952890,1743040531,0x9ab7cb7d006b9725bab005220df7a94b1492ec8bfa80a97320dffd85374ae4d4,NewSale
0x43d56d3b1DE1B37E72Fe6dF5EC69673B271C6fd7,76673,0xbc2d6E7c81E7f35473b3594031FCC4c519fD24Ad,0,0xd8372992b259eafb0e51c13d6b907e9bf3be023f,1,240000000000000,23522650,157666,4952905,1743040561,0xaeb54ba24b12c5b9f3556786caabf8d4fe7c9d30aec3b80fbf346854b4d7615b,NewSale
0x354BE9e64769AA2b6cE65571b135E4593fbC77BB,76819,0xdc0F91C5a4D200FfC21658901c77c0fE1A14d199,0,0x32e651fb28164021dd47562d5ac69b5e97105376,1,500000000000000,23159037,162483,4952906,1743040563,0xb894b5399d07f449b1dee34dbd27ea87a6530013109de23502f9c15ba7919783,NewSale
0x71342545362B53b08B15D9285feB4acEe8292C3d,76836,0xbc2d6E7c81E7f35473b3594031FCC4c519fD24Ad,1,0xa499490597d9b9a5fa2e478b5b9c07c83e97a199,1,653200000000000,23050000,175743,4952910,1743040571,0xfbb39ee004c1bfa4a1e80a078a5a33b6d0c1789a7d7f53ce8c55924fa3df5e8a,NewSale
0x2e205ebEa4B8e1d6Cdf8B808053780f76a0531Ca,76832,0xbc2d6E7c81E7f35473b3594031FCC4c519fD24Ad,1,0xa499490597d9b9a5fa2e478b5b9c07c83e97a199,1,16064999999999998000,23120000,165078,4952926,1743040603,0x86db70abcdb2af05afc516d2f57586f27728a54ddb1c23526639ac63fcc09978,NewSale
0x2e205ebEa4B8e1d6Cdf8B808053780f76a0531Ca,76832,0xbc2d6E7c81E7f35473b3594031FCC4c519fD24Ad,1,0xa499490597d9b9a5fa2e478b5b9c07c83e97a199,1,16064999999999998000,23260000,165078,4952937,1743040625,0x448fc31987582f28e64abbd288c6ab4a3872a8497af360998f85c420850d7c0b,NewSale
0x43d56d3b1DE1B37E72Fe6dF5EC69673B271C6fd7,76676,0xbc2d6E7c81E7f35473b3594031FCC4c519fD24Ad,0,0xd8372992b259eafb0e51c13d6b907e9bf3be023f,1,240000000000000,23374373,140566,4952944,1743040639,0xf52b0dac29ca14093d06c991295e5f972ef43d29ce08feef252536945fd8e6d3,NewSale
0x2e205ebEa4B8e1d6Cdf8B808053780f76a0531Ca,76832,0xbc2d6E7c81E7f35473b3594031FCC4c519fD24Ad,1,0xa499490597d9b9a5fa2e478b5b9c07c83e97a199,1,16064999999999998000,23310000,165078,4952950,1743040651,0xa8901fda486ccac786006952ce3cc8f169f06d91a2a7c02e234ebcdfcf26b822,NewSale
0x2e205ebEa4B8e1d6Cdf8B808053780f76a0531Ca,76832,0xbc2d6E7c81E7f35473b3594031FCC4c519fD24Ad,1,0xa499490597d9b9a5fa2e478b5b9c07c83e97a199,1,16064999999999998000,23560000,165078,4952972,1743040695,0x9079fa02fb60a0a38fde997ca9166e05517c02d204c6a4a5c6ad676e4fe86731,NewSale
0x7bEc5f36C6F9CC086F2c7A4744e6B6F6494e3895,76839,0xbc2d6E7c81E7f35473b3594031FCC4c519fD24Ad,1,0xa499490597d9b9a5fa2e478b5b9c07c83e97a199,1,132000000000000,23700000,175731,4952991,1743040733,0xdb13ee9ddda9f9887ac380015b6bff22c1338834a7d0e5d27c98e5ce7c33f699,NewSale
0x2e205ebEa4B8e1d6Cdf8B808053780f76a0531Ca,76832,0xbc2d6E7c81E7f35473b3594031FCC4c519fD24Ad,1,0xa499490597d9b9a5fa2e478b5b9c07c83e97a199,1,16064999999999998000,23820000,165078,4953012,1743040775,0xcad08f470b85697059eb7cf5e9d7dfd7ae72401c5160ba9b317e57827a3a3f8e,NewSale
0x2e205ebEa4B8e1d6Cdf8B808053780f76a0531Ca,76832,0xbc2d6E7c81E7f35473b3594031FCC4c519fD24Ad,1,0xa499490597d9b9a5fa2e478b5b9c07c83e97a199,1,16064999999999998000,23770000,165078,4953028,1743040807,0x6937e5f2bf969676ba3bf24fb6b831089a634ed9ec8e4874e035f829a0a6dfca,NewSale
0x2e205ebEa4B8e1d6Cdf8B808053780f76a0531Ca,76832,0xbc2d6E7c81E7f35473b3594031FCC4c519fD24Ad,1,0xa499490597d9b9a5fa2e478b5b9c07c83e97a199,1,16064999999999998000,23810000,165078,4953040,1743040831,0x502bced8a14169d46fbcd6a7f9ab2f499d6e48b4b29b3ce30ba04f5667bed1c6,NewSale
0x81a3117B9AF9A4D15455D9cdf21Bf6544F6bc39F,76828,0xbc2d6E7c81E7f35473b3594031FCC4c519fD24Ad,1,0x25140bad6fef274fd8f593ee1e26b4e3e392bef2,1,239000000000000,23539718,152878,4953054,1743040859,0x4cb2cadc469ad198cc5565206c73fa0518b0cb2c234464e7f2ad094156f52b0b,NewSale
0xbf8715fa268c445AbF3414dD0d89F16EE45209C9,76847,0xbc2d6E7c81E7f35473b3594031FCC4c519fD24Ad,1,0x64f7c019021ac74a68d90d08491ca43b2a632e71,1,120000000000000,22383782,189131,4953061,1743040873,0x42b6d9ac8f6adf18e39591bfd90eab886dd4e8b0b8a81bcd1a28ef25dae6d9c4,NewSale
0x2e205ebEa4B8e1d6Cdf8B808053780f76a0531Ca,76832,0xbc2d6E7c81E7f35473b3594031FCC4c519fD24Ad,1,0xa499490597d9b9a5fa2e478b5b9c07c83e97a199,1,16064999999999998000,23550000,165078,4953074,1743040899,0x7dd38e541d8d4a7a4a9610e7f2abc66b21d87d70342b070195cf1611c2632949,NewSale
0x2e205ebEa4B8e1d6Cdf8B808053780f76a0531Ca,76832,0xbc2d6E7c81E7f35473b3594031FCC4c519fD24Ad,1,0xa499490597d9b9a5fa2e478b5b9c07c83e97a199,1,16064999999999998000,23400000,165078,4953089,1743040929,0xa0c3cf107610044cadfed9523fb28de5234b039f54f14b571b89c1a62d537290,NewSale
0x2e205ebEa4B8e1d6Cdf8B808053780f76a0531Ca,76832,0xbc2d6E7c81E7f35473b3594031FCC4c519fD24Ad,1,0xa499490597d9b9a5fa2e478b5b9c07c83e97a199,1,16064999999999998000,23270000,165078,4953101,1743040953,0x5e34583739b2aeefc2a1b45f7ed2e3e8bf2f77add3d54c3340202a8c8e441a8b,NewSale
0x2e205ebEa4B8e1d6Cdf8B808053780f76a0531Ca,76832,0xbc2d6E7c81E7f35473b3594031FCC4c519fD24Ad,1,0xa499490597d9b9a5fa2e478b5b9c07c83e97a199,1,16064999999999998000,23510000,165078,4953121,1743040993,0xd7c894777efb67b699e6651f6ed9dc748ac8ac23b57398e3ab493f3b292b5a6d,NewSale
0xD29a1fdCaf83cbA7069A95aB7761a0Cf95F5107b,76849,0xbc2d6E7c81E7f35473b3594031FCC4c519fD24Ad,1,0xa499490597d9b9a5fa2e478b5b9c07c83e97a199,1,1530000000000000,23590000,175743,4953137,1743041025,0x3bd69589214fbb35f886525961037bba4d03675cddc0130cad7f1c78b3c3bd61,NewSale
0x2e205ebEa4B8e1d6Cdf8B808053780f76a0531Ca,76832,0xbc2d6E7c81E7f35473b3594031FCC4c519fD24Ad,1,0xa499490597d9b9a5fa2e478b5b9c07c83e97a199,1,16064999999999998000,23620000,165078,4953158,1743041067,0xb22d113e24a9865c3b7a708c5b49b01c310944ab7958f326e91921bf3a70bbaa,NewSale
0xb7183377deA350f39998BBD6167BB90fF6E50180,76837,0xdc0F91C5a4D200FfC21658901c77c0fE1A14d199,0,0x403ed228ff98425365ac36b7101b390b68888888,1,500000000000000,23536200,150183,4953163,1743041077,0x8edd8131f85b462702b0463cba2b537e929807c984783845913e772216c9a40b,NewSale
0x2e205ebEa4B8e1d6Cdf8B808053780f76a0531Ca,76832,0xbc2d6E7c81E7f35473b3594031FCC4c519fD24Ad,1,0xa499490597d9b9a5fa2e478b5b9c07c83e97a199,1,16064999999999998000,23280000,158667,4953193,1743041137,0x7d390a334cc8acca08ef0af222204d1c96b0240f65e88e74d6f249bfc4cffa73,NewSale
0x47B599A3d41a3b68c32A9a1bf0fcCAeddAA0e7B3,76855,0xbc2d6E7c81E7f35473b3594031FCC4c519fD24Ad,1,0x64f7c019021ac74a68d90d08491ca43b2a632e71,1,230000000000000,22323420,172031,4953210,1743041171,0xdd8ed8b45b9bcef72cbb936177bdf1153bac5192006211326ce08a4f77607671,NewSale
0x32E651fB28164021dD47562d5AC69b5e97105376,76844,0xdc0F91C5a4D200FfC21658901c77c0fE1A14d199,0,0x3c4ab48a4d03d04df10f34098bee869e5495aaf5,1,500000000000000,23151066,145383,4953213,1743041177,0x1f5a0bb63d4d91757823e53e142c340ac97c75b160746a4ed6239b94a6ea5cb5,NewSale
0xd8372992b259eaFb0E51c13d6B907e9BF3BE023f,76840,0xbc2d6E7c81E7f35473b3594031FCC4c519fD24Ad,0,0x23d0b3cad39bfdb2fd89d58055829bba24d43092,1,238000000000000,23646378,157678,4953291,1743041333,0xef8a24b11f6147c8a13ffecfba019fe898e40e81c1e752d38d0c87923b48df57,NewSale
0x2EC963FD28C4D1Ae4130b03dBfaF960Cc6fd81ae,76856,0xbc2d6E7c81E7f35473b3594031FCC4c519fD24Ad,1,0x64f7c019021ac74a68d90d08491ca43b2a632e71,1,651000000000000,22777123,172043,4953305,1743041361,0xad62e87483434f0790af81d20c10506e730a3ab455cfc6c3914c9305d0597c04,NewSale
0x2e205ebEa4B8e1d6Cdf8B808053780f76a0531Ca,76857,0xbc2d6E7c81E7f35473b3594031FCC4c519fD24Ad,1,0xa499490597d9b9a5fa2e478b5b9c07c83e97a199,1,16002000000000002000,23840000,182178,4953318,1743041387,0x89cc325e5014c1565b00ec0216468a713811c2feaf06849f10941f1d6a6d1bda,NewSale
0xd8372992b259eaFb0E51c13d6B907e9BF3BE023f,76841,0xbc2d6E7c81E7f35473b3594031FCC4c519fD24Ad,0,0x25140bad6fef274fd8f593ee1e26b4e3e392bef2,1,239000000000000,24097301,135778,4953342,1743041435,0x809193cf121d8cfd0cb555a8a628c85467761d02dc18b07e735c162ce4d1bc08,NewSale
0x2e205ebEa4B8e1d6Cdf8B808053780f76a0531Ca,76857,0xbc2d6E7c81E7f35473b3594031FCC4c519fD24Ad,1,0xa499490597d9b9a5fa2e478b5b9c07c83e97a199,1,16002000000000002000,23900000,165078,4953343,1743041437,0x660ef5b0fc0fcf6ffac63ce080bb2123af41feebb653fb5f12b772c539289901,NewSale
0x2e205ebEa4B8e1d6Cdf8B808053780f76a0531Ca,76857,0xbc2d6E7c81E7f35473b3594031FCC4c519fD24Ad,1,0xa499490597d9b9a5fa2e478b5b9c07c83e97a199,1,16002000000000002000,24120000,165078,4953358,1743041467,0x89906ad19cd1dc99e6425d93a81742be53258266c7feaf6066829185d4d982d4,NewSale
0x2e205ebEa4B8e1d6Cdf8B808053780f76a0531Ca,76857,0xbc2d6E7c81E7f35473b3594031FCC4c519fD24Ad,1,0xa499490597d9b9a5fa2e478b5b9c07c83e97a199,1,16002000000000002000,24630000,165078,4953383,1743041517,0xd4e79a384a6bb84b211b2d353ca7aa8e58aeacc64ffd78228ac0331e2bd4fcaa,NewSale
0x2e205ebEa4B8e1d6Cdf8B808053780f76a0531Ca,76857,0xbc2d6E7c81E7f35473b3594031FCC4c519fD24Ad,1,0xa499490597d9b9a5fa2e478b5b9c07c83e97a199,1,16002000000000002000,24500000,165078,4953400,1743041551,0x9aeada3bd3e7947e3a1b0ed58e154fd4a4686e5ecbd0ecf356b6678c13d5b39d,NewSale
0x2e205ebEa4B8e1d6Cdf8B808053780f76a0531Ca,76857,0xbc2d6E7c81E7f35473b3594031FCC4c519fD24Ad,1,0xa499490597d9b9a5fa2e478b5b9c07c83e97a199,1,16002000000000002000,24340000,165078,4953426,1743041603,0x0412a0b18e4d4457449f8f6dca5ada8911e85aac5ae0ffc10998200a9e5ebefd,NewSale
0xB4A383e241129703EA2C4F08c8BF11d318525422,76866,0xbc2d6E7c81E7f35473b3594031FCC4c519fD24Ad,1,0x64f7c019021ac74a68d90d08491ca43b2a632e71,1,233200000000000,23939620,172031,4953428,1743041607,0xae68311f8370da639a331e98b47575db394051a748606a01f3dff32c69ec960e,NewSale
0x2e205ebEa4B8e1d6Cdf8B808053780f76a0531Ca,76857,0xbc2d6E7c81E7f35473b3594031FCC4c519fD24Ad,1,0xa499490597d9b9a5fa2e478b5b9c07c83e97a199,1,16002000000000002000,23790000,165078,4953451,1743041653,0x88f95143b8fa2224286cb6b38fa9eaf4792d46130a05990d0ef2d9db82a773c8,NewSale
0x2e205ebEa4B8e1d6Cdf8B808053780f76a0531Ca,76857,0xbc2d6E7c81E7f35473b3594031FCC4c519fD24Ad,1,0xa499490597d9b9a5fa2e478b5b9c07c83e97a199,1,16002000000000002000,23530000,165078,4953473,1743041697,0x9a9a31a5f19f59c55dc9bef50164ad0522a0518a7194e34d463e1f8619c03cb7,NewSale
0x190A33F3370b2Ea46645ba98965e79c2046E7359,76853,0xbc2d6E7c81E7f35473b3594031FCC4c519fD24Ad,0,0x1c67ccfee23b1200980ce9efd96664dbd37e6bfa,1,400000000000000,23467037,157666,4953479,1743041709,0x9ac1da445ad1bccbaf419ff4383c58ea63c7c78e14c308b366b90cf198cdf7b2,NewSale
0x190A33F3370b2Ea46645ba98965e79c2046E7359,76854,0xbc2d6E7c81E7f35473b3594031FCC4c519fD24Ad,0,0xfed71021ae86c9da2e4508ac44fdf610f24886e0,1,400000000000000,23561234,135778,4953486,1743041723,0xd9be5e40012bba69daf47b64baa4b9a886e195a7a3e839e68c8d1cc950c82d1e,NewSale
0xC0DEc165A5d6e6766Fbc35c977f89535899D0411,74893,0xbc2d6E7c81E7f35473b3594031FCC4c519fD24Ad,0,0xf8921e0329d334a24709adb6be4763bdfbc03859,1,249999990000000,23446942,142201,4953499,1743041749,0x23fdba299c0d494a9d75e818fd736cd262e3706c157c078e26a5a81ab12e8e43,NewSale
0x2e205ebEa4B8e1d6Cdf8B808053780f76a0531Ca,76857,0xbc2d6E7c81E7f35473b3594031FCC4c519fD24Ad,1,0xa499490597d9b9a5fa2e478b5b9c07c83e97a199,1,16002000000000002000,23410000,165078,4953501,1743041753,0x6d93ad1184293f32ded096a82b02e795943e5a374aeb85dda8418655439cdb75,NewSale
0x8d05981750710Ffc87975De512F58984c8dF1dd1,76873,0xbc2d6E7c81E7f35473b3594031FCC4c519fD24Ad,1,0x64f7c019021ac74a68d90d08491ca43b2a632e71,1,562000000000000,23273211,172043,4953502,1743041755,0x9b32eb3f88e0e28b39adcab722b23b9b4c7f51c05f5be884481ce91d40cba00b,NewSale
0x2e205ebEa4B8e1d6Cdf8B808053780f76a0531Ca,76857,0xbc2d6E7c81E7f35473b3594031FCC4c519fD24Ad,1,0xa499490597d9b9a5fa2e478b5b9c07c83e97a199,1,16002000000000002000,23280000,165078,4953520,1743041791,0x98f8f28a6e67de30a3251222978d4a07742c3f2a7b639a9cee057e872ea998d5,NewSale
0x43d56d3b1DE1B37E72Fe6dF5EC69673B271C6fd7,76684,0xbc2d6E7c81E7f35473b3594031FCC4c519fD24Ad,0,0xd8372992b259eafb0e51c13d6b907e9bf3be023f,1,250000000000000,23169096,157678,4953529,1743041809,0x550f69780d6994db120979a8433b80a0c2b6a078ff0f774da52b410473b5d63e,NewSale
0x2e205ebEa4B8e1d6Cdf8B808053780f76a0531Ca,76857,0xbc2d6E7c81E7f35473b3594031FCC4c519fD24Ad,1,0xa499490597d9b9a5fa2e478b5b9c07c83e97a199,1,16002000000000002000,23180000,165078,4953537,1743041825,0x31edf12879cda6692a3ae9386df45ffd1c08cea6077ea55ce687f2d44057cc93,NewSale
0x2e205ebEa4B8e1d6Cdf8B808053780f76a0531Ca,76857,0xbc2d6E7c81E7f35473b3594031FCC4c519fD24Ad,1,0xa499490597d9b9a5fa2e478b5b9c07c83e97a199,1,16002000000000002000,23390000,165078,4953549,1743041849,0x991697344bb91fef33d0160d9c40fcaa1622640872a6fadfd286a19713f6c3b7,NewSale
0x2e205ebEa4B8e1d6Cdf8B808053780f76a0531Ca,76857,0xbc2d6E7c81E7f35473b3594031FCC4c519fD24Ad,1,0xa499490597d9b9a5fa2e478b5b9c07c83e97a199,1,16002000000000002000,23430000,165078,4953562,1743041875,0xaa7edee98a934c4a853eb08d8da404b176c6a477713a3f9eda3bf5aa71b751d8,NewSale
0xC0DEc165A5d6e6766Fbc35c977f89535899D0411,74777,0xbc2d6E7c81E7f35473b3594031FCC4c519fD24Ad,0,0xf8921e0329d334a24709adb6be4763bdfbc03859,1,259999990000000,23647208,142201,4953585,1743041921,0xb1ecd2acbcbd85d04197d50cb15f4fb7b7b2093e37a9e8c9c5eea7823ce2b81e,NewSale
0x2e205ebEa4B8e1d6Cdf8B808053780f76a0531Ca,76857,0xbc2d6E7c81E7f35473b3594031FCC4c519fD24Ad,1,0xa499490597d9b9a5fa2e478b5b9c07c83e97a199,1,16002000000000002000,23570000,165078,4953587,1743041925,0xe38e423f7bd801a06000cd1eb49021f88981249e2665ec01cf44033bc6910bdc,NewSale
0x2e205ebEa4B8e1d6Cdf8B808053780f76a0531Ca,76857,0xbc2d6E7c81E7f35473b3594031FCC4c519fD24Ad,1,0xa499490597d9b9a5fa2e478b5b9c07c83e97a199,1,16002000000000002000,23710000,165078,4953599,1743041949,0xa29f9cc0fd03ce1b2dc58bc54781be4c74afbbbb1b5cf69420f28150f3367c00,NewSale
0x2e205ebEa4B8e1d6Cdf8B808053780f76a0531Ca,76857,0xbc2d6E7c81E7f35473b3594031FCC4c519fD24Ad,1,0xa499490597d9b9a5fa2e478b5b9c07c83e97a199,1,16002000000000002000,23900000,165078,4953611,1743041973,0x688a0f3b6991156af4b22f5bdb248f028dcb17de405853eee3c2c96b229956ec,NewSale
0x2e205ebEa4B8e1d6Cdf8B808053780f76a0531Ca,76857,0xbc2d6E7c81E7f35473b3594031FCC4c519fD24Ad,1,0xa499490597d9b9a5fa2e478b5b9c07c83e97a199,1,16002000000000002000,24020000,165078,4953627,1743042005,0xbc1b4bf256295a9da8934708d588536c6b08e23c21e9babc283c263fddce5367,NewSale
0xd8372992b259eaFb0E51c13d6B907e9BF3BE023f,76879,0xbc2d6E7c81E7f35473b3594031FCC4c519fD24Ad,0,0xf8921e0329d334a24709adb6be4763bdfbc03859,1,248900000000000,24024231,135778,4953630,1743042011,0x88384cf4451927974a9b6e70b48623cc58554b4fceabccd7a76a08777d02e51f,NewSale
0x2e205ebEa4B8e1d6Cdf8B808053780f76a0531Ca,76857,0xbc2d6E7c81E7f35473b3594031FCC4c519fD24Ad,1,0xa499490597d9b9a5fa2e478b5b9c07c83e97a199,1,16002000000000002000,23980000,165078,4953646,1743042043,0x03a6cce74baefdb0ebc231bd10b7c22e5c9a757b08a0d212e8a7124ca3e6729a,NewSale
0x2e205ebEa4B8e1d6Cdf8B808053780f76a0531Ca,76857,0xbc2d6E7c81E7f35473b3594031FCC4c519fD24Ad,1,0xa499490597d9b9a5fa2e478b5b9c07c83e97a199,1,16002000000000002000,24740000,165078,4953679,1743042109,0xc9f051c714fa5557128c287063cc0542601ecba518d2f96bf6bd73abf60c0511,NewSale
0x23D0B3caD39BFDB2FD89D58055829BBA24d43092,76859,0xbc2d6E7c81E7f35473b3594031FCC4c519fD24Ad,0,0xf8921e0329d334a24709adb6be4763bdfbc03859,1,260000000000000,24932957,135778,4953687,1743042125,0xb01421e1670d75cf2575a047a27cd7da45036aa2db342634862338c0831be343,NewSale
0x2e205ebEa4B8e1d6Cdf8B808053780f76a0531Ca,76857,0xbc2d6E7c81E7f35473b3594031FCC4c519fD24Ad,1,0xa499490597d9b9a5fa2e478b5b9c07c83e97a199,1,16002000000000002000,24820000,158667,4953704,1743042159,0xda90651542e866dfdb348a48a67e8b718aa6390f5f78132370cd327f64466060,NewSale
0x44Fe8f70e28897FcA1bd039A37159f4f36AacD27,76886,0xbc2d6E7c81E7f35473b3594031FCC4c519fD24Ad,1,0x64f7c019021ac74a68d90d08491ca43b2a632e71,1,125000000000000,24713400,172031,4953704,1743042159,0xffd4724196e405349cb62e7638965de1e30c1687d6cc6c9669592bb80ba45876,NewSale
0x7b05A99eb6cDD7070dc3C9af676539e0ecE4Bef9,76871,0xdc0F91C5a4D200FfC21658901c77c0fE1A14d199,0,0x5c5aa6b8db076757bad008c7aeccf87e5c66a7a3,1,400000000000000,24775947,162471,4953725,1743042201,0x32e8b3c1245fd8d23fb4f9e634fea8690654e625ff4e16e3bef0864153f0ff93,NewSale
0xC0DEc165A5d6e6766Fbc35c977f89535899D0411,74893,0xbc2d6E7c81E7f35473b3594031FCC4c519fD24Ad,0,0x25140bad6fef274fd8f593ee1e26b4e3e392bef2,1,249999990000000,24924155,142201,4953739,1743042229,0x0718b6db995d1d1f47a233bec3b262a789a19416d1172ae4455290163a957735,NewSale
0x330B553487BC90848dc930DB21C02e0743Bd77B4,76876,0xdc0F91C5a4D200FfC21658901c77c0fE1A14d199,0,0x69558e7065d467ce24ab4d9e03c9d5b193950956,1,500000000000000,24816032,167283,4953751,1743042253,0x6f717f5bc6d8e1b4d53299023fe07783d6fe736f2de52c1ee713b8040dea8c9d,NewSale
0x7bB43dF7e9Bb2DDFbcA6b3cf91628e0D67aC5846,76888,0xbc2d6E7c81E7f35473b3594031FCC4c519fD24Ad,1,0x64f7c019021ac74a68d90d08491ca43b2a632e71,1,540000000000000,25146342,172043,4953763,1743042277,0x00263d72a4e12da2cb51755b5cb77831dc3cee190df94dfec7b6cb4c498f9129,NewSale
0xC0DEc165A5d6e6766Fbc35c977f89535899D0411,74893,0xbc2d6E7c81E7f35473b3594031FCC4c519fD24Ad,0,0x740a415e9c0fef5bb1237236a4216513d480df9b,1,249999990000000,25164422,159301,4953781,1743042313,0xd259809d7bd59f545d50008eb4c0b85593e2fa11ec10a909c904dc784ee4d229,NewSale
0xC0DEc165A5d6e6766Fbc35c977f89535899D0411,74779,0xbc2d6E7c81E7f35473b3594031FCC4c519fD24Ad,0,0xf8921e0329d334a24709adb6be4763bdfbc03859,1,269999990000000,25220728,142201,4953787,1743042325,0x4315f561a4c76401abbbe384c50f22382a5de2d70cdc321c2d2eaab1c8ee146c,NewSale
0x330B553487BC90848dc930DB21C02e0743Bd77B4,76874,0xdc0F91C5a4D200FfC21658901c77c0fE1A14d199,0,0x078186e081320e5491c49598997cc5ea39180667,1,550000000000000,25100654,167283,4953792,1743042335,0x8668c69337ac4ad6d5ae52bf74fd02fd4265f262f1e7920da0ee1d15b08ac1f1,NewSale
0x2e205ebEa4B8e1d6Cdf8B808053780f76a0531Ca,76889,0xbc2d6E7c81E7f35473b3594031FCC4c519fD24Ad,1,0xa499490597d9b9a5fa2e478b5b9c07c83e97a199,1,16002000000000002000,25190000,182178,4953805,1743042361,0x442ca11ab2cb351862ef4188aec691a678a7f4728419b5728caa34409eab0d09,NewSale
0x2e205ebEa4B8e1d6Cdf8B808053780f76a0531Ca,76889,0xbc2d6E7c81E7f35473b3594031FCC4c519fD24Ad,1,0xa499490597d9b9a5fa2e478b5b9c07c83e97a199,1,16002000000000002000,25370000,165078,4953823,1743042397,0xf93fb7ec5a04768ab8b536d9e274719350eb2312b1548ba1480df5743abeff81,NewSale
0x142137A7641EdDBbb8DbABa04ecf0e366a32453A,76652,0xbc2d6E7c81E7f35473b3594031FCC4c519fD24Ad,0,0xf8921e0329d334a24709adb6be4763bdfbc03859,1,270000000000000,25338588,135778,4953826,1743042403,0x0d1d06d481477c0245340a4d628839a3271ac40a8d797522dbbb1dca96a9f8c7,NewSale
0xC0DEc165A5d6e6766Fbc35c977f89535899D0411,74893,0xbc2d6E7c81E7f35473b3594031FCC4c519fD24Ad,0,0x5c5aa6b8db076757bad008c7aeccf87e5c66a7a3,1,249999990000000,25264553,142201,4953837,1743042425,0x3fa97a25b9c079d8daf6eafc334d10256948115d1d111305533e83386a0c0407,NewSale
0x2e205ebEa4B8e1d6Cdf8B808053780f76a0531Ca,76889,0xbc2d6E7c81E7f35473b3594031FCC4c519fD24Ad,1,0xa499490597d9b9a5fa2e478b5b9c07c83e97a199,1,16002000000000002000,25270000,165078,4953839,1743042429,0x32b678815a8a9d6ff231f3c2f9372bcb26cbdf8c02f79ceb10e800628026c50e,NewSale
0xC0DEc165A5d6e6766Fbc35c977f89535899D0411,74893,0xbc2d6E7c81E7f35473b3594031FCC4c519fD24Ad,0,0x5c5aa6b8db076757bad008c7aeccf87e5c66a7a3,1,249999990000000,25440265,142201,4953852,1743042455,0x874e3fada9f55ae230445c3b7b5e5812d0beeed5c9c0ae7705e9dfe55204f84f,NewSale
0x2e205ebEa4B8e1d6Cdf8B808053780f76a0531Ca,76889,0xbc2d6E7c81E7f35473b3594031FCC4c519fD24Ad,1,0xa499490597d9b9a5fa2e478b5b9c07c83e97a199,1,16002000000000002000,25470000,165078,4953862,1743042475,0x938df270bb2917e0b855a411ea42d4feee97eee534603a2dc73207ff1a5dab03,NewSale
0xC0DEc165A5d6e6766Fbc35c977f89535899D0411,74893,0xbc2d6E7c81E7f35473b3594031FCC4c519fD24Ad,0,0x5c5aa6b8db076757bad008c7aeccf87e5c66a7a3,1,249999990000000,25415004,142201,4953869,1743042489,0xcf8c709d92dff2367d4c850b9aea103fc745b5de1fd8c7e001986d77c096f200,NewSale
0x2e205ebEa4B8e1d6Cdf8B808053780f76a0531Ca,76889,0xbc2d6E7c81E7f35473b3594031FCC4c519fD24Ad,1,0xa499490597d9b9a5fa2e478b5b9c07c83e97a199,1,16002000000000002000,25490000,165078,4953874,1743042499,0x67d48de1c6b113d10b504a37768508d6bdcb07b7b679babf32d629d4afd7cd5c,NewSale
0x2065b7a05102C48A44CB985a1E1f466ac9cEE08C,75150,0xbc2d6E7c81E7f35473b3594031FCC4c519fD24Ad,0,0xf8921e0329d334a24709adb6be4763bdfbc03859,1,275000000000000,25692384,140578,4953875,1743042501,0x4c3a40ff970f527fe87252379d49c288a5ddec9fcd625a136f05e2eb3cdbe25d,NewSale
0xC0DEc165A5d6e6766Fbc35c977f89535899D0411,74893,0xbc2d6E7c81E7f35473b3594031FCC4c519fD24Ad,0,0x5c5aa6b8db076757bad008c7aeccf87e5c66a7a3,1,249999990000000,25598850,142201,4953887,1743042525,0xb675d0de1094e7e039e4e212c6bb7a47fbeaa7dcdf2c32fc05b25363542c4f6c,NewSale
0x2e205ebEa4B8e1d6Cdf8B808053780f76a0531Ca,76889,0xbc2d6E7c81E7f35473b3594031FCC4c519fD24Ad,1,0xa499490597d9b9a5fa2e478b5b9c07c83e97a199,1,16002000000000002000,25600000,165078,4953892,1743042535,0x07c4ba58f7361b323b9d0b24e340d7b1ee605c94688c38710ff6edf5b92db589,NewSale
0xC0DEc165A5d6e6766Fbc35c977f89535899D0411,74893,0xbc2d6E7c81E7f35473b3594031FCC4c519fD24Ad,0,0x5c5aa6b8db076757bad008c7aeccf87e5c66a7a3,1,249999990000000,25453774,142201,4953902,1743042555,0x9d4a5d76721e52982c5956ebb54a7e795a0db8614ad0162eeff2c597ebb7506a,NewSale
0x2e205ebEa4B8e1d6Cdf8B808053780f76a0531Ca,76889,0xbc2d6E7c81E7f35473b3594031FCC4c519fD24Ad,1,0xa499490597d9b9a5fa2e478b5b9c07c83e97a199,1,16002000000000002000,25470000,165078,4953910,1743042571,0x6c6e3b630f3a24d31f35291d7e43cf6a0b59f908790053f610e1beba9b08b1f1,NewSale
0x2065b7a05102C48A44CB985a1E1f466ac9cEE08C,75166,0xbc2d6E7c81E7f35473b3594031FCC4c519fD24Ad,0,0xf8921e0329d334a24709adb6be4763bdfbc03859,1,275000000000000,25605735,140578,4953917,1743042585,0xac05dc9beba9f6c0a5263793900981fc4f096f4f407bc21e67b587512922939b,NewSale
0xC0DEc165A5d6e6766Fbc35c977f89535899D0411,74893,0xbc2d6E7c81E7f35473b3594031FCC4c519fD24Ad,0,0x5c5aa6b8db076757bad008c7aeccf87e5c66a7a3,1,249999990000000,25505735,142201,4953917,1743042585,0xe3aed5f32d36c6938e414990eae9233b307d8f9847448537cc774dea62ffd622,NewSale
0x2e205ebEa4B8e1d6Cdf8B808053780f76a0531Ca,76889,0xbc2d6E7c81E7f35473b3594031FCC4c519fD24Ad,1,0xa499490597d9b9a5fa2e478b5b9c07c83e97a199,1,16002000000000002000,25560000,165078,4953921,1743042593,0xb40c6577fe8b0193dd011adfd4e309236534fa146ddfebfd9c120a12c668975b,NewSale
0xC0DEc165A5d6e6766Fbc35c977f89535899D0411,74893,0xbc2d6E7c81E7f35473b3594031FCC4c519fD24Ad,0,0x5c5aa6b8db076757bad008c7aeccf87e5c66a7a3,1,249999990000000,25559908,142201,4953933,1743042617,0x6d10d0ee2a93fde21a0e6e561404c827c6180c43ac6be783c60552f27918e4dd,NewSale
0x0485Fb677c09CD5D7EeCAB5c451c67A781201319,76894,0xbc2d6E7c81E7f35473b3594031FCC4c519fD24Ad,1,0x64f7c019021ac74a68d90d08491ca43b2a632e71,1,654000000000000,25520045,172043,4953944,1743042639,0x5f7add3d2101bd6029dc49e0e18113ffec98a09f687e9f1aba15cbae184409ea,NewSale
0x2e205ebEa4B8e1d6Cdf8B808053780f76a0531Ca,76889,0xbc2d6E7c81E7f35473b3594031FCC4c519fD24Ad,1,0xa499490597d9b9a5fa2e478b5b9c07c83e97a199,1,16002000000000002000,25590000,165078,4953948,1743042647,0x23bb8a7408177903d574e74cd94acc828e774c96b33b919df915d374933e2036,NewSale
0xC0DEc165A5d6e6766Fbc35c977f89535899D0411,74893,0xbc2d6E7c81E7f35473b3594031FCC4c519fD24Ad,0,0x5c5aa6b8db076757bad008c7aeccf87e5c66a7a3,1,249999990000000,25540435,142201,4953949,1743042649,0x8c927d764e9484f4e97e5f5079e6b630fed3446356c6e34b7c94e3db816927b1,NewSale
0x2065b7a05102C48A44CB985a1E1f466ac9cEE08C,75169,0xbc2d6E7c81E7f35473b3594031FCC4c519fD24Ad,0,0xf8921e0329d334a24709adb6be4763bdfbc03859,1,275000000000000,25918047,140578,4953960,1743042671,0x5512133a9ad4d29a5cd1f9d19ad1b92cf2c9862eae972925c2f16e2f454e1c0f,NewSale
0xC0DEc165A5d6e6766Fbc35c977f89535899D0411,74893,0xbc2d6E7c81E7f35473b3594031FCC4c519fD24Ad,0,0x5c5aa6b8db076757bad008c7aeccf87e5c66a7a3,1,249999990000000,25745294,142201,4953963,1743042677,0x54444e83517762f9e22038d39818b1fbd0d7aef47c073dc9c93743afae46412b,NewSale
0x2e205ebEa4B8e1d6Cdf8B808053780f76a0531Ca,76889,0xbc2d6E7c81E7f35473b3594031FCC4c519fD24Ad,1,0xa499490597d9b9a5fa2e478b5b9c07c83e97a199,1,16002000000000002000,25820000,165078,4953975,1743042701,0xb6d857320cd54810f9cefeb64739f8ff87abe76c0efcabaccd3a3bdc6f81f9bc,NewSale
0xC0DEc165A5d6e6766Fbc35c977f89535899D0411,74893,0xbc2d6E7c81E7f35473b3594031FCC4c519fD24Ad,0,0x5c5aa6b8db076757bad008c7aeccf87e5c66a7a3,1,249999990000000,26063996,142201,4953977,1743042705,0x285c3a02a3d5b5340c15ab783ca9e39dae5fe911ccac9c9626be8b5718e41205,NewSale
0x2e205ebEa4B8e1d6Cdf8B808053780f76a0531Ca,76889,0xbc2d6E7c81E7f35473b3594031FCC4c519fD24Ad,1,0xa499490597d9b9a5fa2e478b5b9c07c83e97a199,1,16002000000000002000,26060000,165078,4953990,1743042731,0x82b931cba01ea7405e6ca293889d7d698c03b60e0180138c2f8ca487fe76c004,NewSale
0x2065b7a05102C48A44CB985a1E1f466ac9cEE08C,75189,0xbc2d6E7c81E7f35473b3594031FCC4c519fD24Ad,0,0xf8921e0329d334a24709adb6be4763bdfbc03859,1,275000000000000,26192322,140578,4954006,1743042763,0x1f818db102bb69176982779176ff34f68974cdb246456ea6e38669000c03aeb7,NewSale
0x2e205ebEa4B8e1d6Cdf8B808053780f76a0531Ca,76889,0xbc2d6E7c81E7f35473b3594031FCC4c519fD24Ad,1,0xa499490597d9b9a5fa2e478b5b9c07c83e97a199,1,16002000000000002000,26130000,165078,4954013,1743042777,0xa72d1bf07da26e35ba280010f510b2f588dd9a5075c1c11b393e09fe5ce129a7,NewSale
0xd3799f1C330d46f9d00e6cD1546388f299486C82,76897,0xbc2d6E7c81E7f35473b3594031FCC4c519fD24Ad,1,0x64f7c019021ac74a68d90d08491ca43b2a632e71,1,5610000000000000,26112785,172043,4954021,1743042793,0x2f510b355b5752d2f0a0641b5435fcaa5c5da49a3cc277c48205b6bb99db12fb,NewSale
0x2e205ebEa4B8e1d6Cdf8B808053780f76a0531Ca,76889,0xbc2d6E7c81E7f35473b3594031FCC4c519fD24Ad,1,0xa499490597d9b9a5fa2e478b5b9c07c83e97a199,1,16002000000000002000,26150000,165078,4954031,1743042813,0x1b974a371f1af33b31878d11c0e0c1279253384958ea640349551a6ea42b0a2c,NewSale
0x2e205ebEa4B8e1d6Cdf8B808053780f76a0531Ca,76889,0xbc2d6E7c81E7f35473b3594031FCC4c519fD24Ad,1,0xa499490597d9b9a5fa2e478b5b9c07c83e97a199,1,16002000000000002000,26620000,165078,4954056,1743042863,0x1161923738775da81db0c2ed78e1fa5d33299a572c7cbbba6ef965ffc5597bc5,NewSale
0x2e205ebEa4B8e1d6Cdf8B808053780f76a0531Ca,76889,0xbc2d6E7c81E7f35473b3594031FCC4c519fD24Ad,1,0x79c078b7018f312d7ad50ed227a80a3f3a0c17a7,1,16002000000000002000,27020000,165078,4954060,1743042871,0x70de76b582c408cae4dbb70909e13b295ef9d572dd05adda63a70db0f27a8b0b,NewSale
0x2e205ebEa4B8e1d6Cdf8B808053780f76a0531Ca,76889,0xbc2d6E7c81E7f35473b3594031FCC4c519fD24Ad,1,0xa499490597d9b9a5fa2e478b5b9c07c83e97a199,1,16002000000000002000,27200000,165078,4954073,1743042897,0x5522eed5c8510158601eb5779dc1f958000ded6fe2467c8f39aa78d65c005f70,NewSale
0x81045E14f633Fde555a29af8E96F39cCD1Eadc67,76900,0xbc2d6E7c81E7f35473b3594031FCC4c519fD24Ad,1,0x64f7c019021ac74a68d90d08491ca43b2a632e71,1,1500000000000000,28254038,172043,4954080,1743042911,0xe11849eb618bce4d9f970e1b93c858a88dff0bd8895ba5a4b8552a17828c10dd,NewSale
0x2e205ebEa4B8e1d6Cdf8B808053780f76a0531Ca,76889,0xbc2d6E7c81E7f35473b3594031FCC4c519fD24Ad,1,0xa499490597d9b9a5fa2e478b5b9c07c83e97a199,1,16002000000000002000,29100000,165078,4954103,1743042957,0x00d3b54bf973b333d38d40b5ccc81a7c54077a8ad838eb75f7909a9e5d6235cb,NewSale
0x25140bAD6FEf274fd8f593EE1e26b4E3e392BEf2,76891,0xbc2d6E7c81E7f35473b3594031FCC4c519fD24Ad,0,0x79c078b7018f312d7ad50ed227a80a3f3a0c17a7,1,250000000000000,29090000,140578,4954109,1743042969,0x736c1d1f4a3fb29bdc044b35f89c21ff5db9e6df4c8999b404936721e6469ae4,NewSale
0x2e205ebEa4B8e1d6Cdf8B808053780f76a0531Ca,76889,0xbc2d6E7c81E7f35473b3594031FCC4c519fD24Ad,1,0xa499490597d9b9a5fa2e478b5b9c07c83e97a199,1,16002000000000002000,30020000,165078,4954121,1743042993,0x1f53eb93a4c9d1929de2bae77dc814937a25cf2a70e75099c3235cde644a1f76,NewSale
0x2e205ebEa4B8e1d6Cdf8B808053780f76a0531Ca,76889,0xbc2d6E7c81E7f35473b3594031FCC4c519fD24Ad,1,0xa499490597d9b9a5fa2e478b5b9c07c83e97a199,1,16002000000000002000,30660000,165078,4954134,1743043019,0xcc93b60f645a3f291c0e553486db554212aae8026dc05c18f230987cfcb7580a,NewSale
0x740A415E9C0FEF5BB1237236a4216513D480df9b,76898,0xbc2d6E7c81E7f35473b3594031FCC4c519fD24Ad,0,0x7b05a99eb6cdd7070dc3c9af676539e0ece4bef9,1,248000000000000,31802076,152878,4954144,1743043039,0xa37ee5b24ed571a5d8d8fd400c3e3be29c63dd42f37f0160e8daad28cfc4f674,NewSale
0xaDe4C2f65733626e84c28Ac51faB48527C55ACe1,76902,0xbc2d6E7c81E7f35473b3594031FCC4c519fD24Ad,1,0x64f7c019021ac74a68d90d08491ca43b2a632e71,1,562000000000000,32167680,172043,4954145,1743043041,0x7cb925e6e1da69ba38a5c5e90b8ea6e2fe67549adffb1f778ac8fbb3490c2d2d,NewSale
0x7b05A99eb6cDD7070dc3C9af676539e0ecE4Bef9,76861,0xbc2d6E7c81E7f35473b3594031FCC4c519fD24Ad,1,0x3fa44788dd444dd89ad1825b8fb60f5aff775920,1,400000000000000,34206284,152878,4954178,1743043107,0x528d2830c492fda5ee041d213141d19097c33d92788f608eca313480516b65c5,NewSale
0x2e205ebEa4B8e1d6Cdf8B808053780f76a0531Ca,76889,0xbc2d6E7c81E7f35473b3594031FCC4c519fD24Ad,1,0xa499490597d9b9a5fa2e478b5b9c07c83e97a199,1,16002000000000002000,33960000,158667,4954182,1743043115,0x56d9237a02a962bb607678699b1b843223394491039dbfc4075f9c6caae63d36,NewSale
0x1f2c88c0298ED6A8b2f8Aa548577bbf347f44B3C,76904,0xbc2d6E7c81E7f35473b3594031FCC4c519fD24Ad,1,0x64f7c019021ac74a68d90d08491ca43b2a632e71,1,6500000000000000,35529444,172043,4954215,1743043181,0xd389a5cf9fe5f92f6cf1d7b251a55ab1dd42edc0843f950794c6a4477d816b4f,NewSale
0x5C5aa6B8Db076757baD008C7AeCCF87e5C66A7A3,76901,0xbc2d6E7c81E7f35473b3594031FCC4c519fD24Ad,0,0x7b05a99eb6cdd7070dc3c9af676539e0ece4bef9,1,170000000000000,39394611,140578,4954260,1743043271,0xde36df2f91605b01c29a290fe69afdf166ff127b84fabd7400886d339bf5f037,NewSale
0x11ad7db2e48BB4702D8999a028DBe8BC0884F6D6,76907,0xbc2d6E7c81E7f35473b3594031FCC4c519fD24Ad,1,0x64f7c019021ac74a68d90d08491ca43b2a632e71,1,200000000000000,40522989,172031,4954274,1743043299,0x04bd6badc3177b4c3f5ffd7b5efc85fff544311740172c861743a9d60341f399,NewSale
0xcAeA8D3b003F6A824A7fd0D0875F5c4e9c264a6C,76914,0xbc2d6E7c81E7f35473b3594031FCC4c519fD24Ad,1,0x64f7c019021ac74a68d90d08491ca43b2a632e71,1,5150000000000000,43992880,172043,4954344,1743043439,0x016b9011cbb8b3b2e26fb086af47a2815d7fee8e9246a40fa5869ede394f56bc,NewSale
0x5C5aa6B8Db076757baD008C7AeCCF87e5C66A7A3,76905,0xbc2d6E7c81E7f35473b3594031FCC4c519fD24Ad,0,0x7b05a99eb6cdd7070dc3c9af676539e0ece4bef9,1,170000000000000,44545294,140578,4954369,1743043489,0x1a096a4a0595b6b7a696ecb1ab3a681901ddefc8521f8046d283d1b2572c9bc7,NewSale
0x2e205ebEa4B8e1d6Cdf8B808053780f76a0531Ca,76912,0xbc2d6E7c81E7f35473b3594031FCC4c519fD24Ad,1,0xa499490597d9b9a5fa2e478b5b9c07c83e97a199,1,16055000000000000000,45380000,199266,4954371,1743043493,0xbac89b3047a84f3696d2e19b7ebd88493b6140d223189ae30d834949702672f2,NewSale
0x5C5aa6B8Db076757baD008C7AeCCF87e5C66A7A3,76906,0xbc2d6E7c81E7f35473b3594031FCC4c519fD24Ad,0,0x7b05a99eb6cdd7070dc3c9af676539e0ece4bef9,1,170000000000000,44747332,140578,4954391,1743043533,0x01fb39b363e22f0f33909282b87e9440a3e45c46b012a5893a965b400e6b5c61,NewSale
0x7Ba59B51e02607753Bd4b26e047a6a6b2e3f6275,76916,0xbc2d6E7c81E7f35473b3594031FCC4c519fD24Ad,1,0x64f7c019021ac74a68d90d08491ca43b2a632e71,1,512100000000000,45408272,172043,4954408,1743043567,0xe2ec6d110fe36b15f70c91860a390cfd537073053c7c3d9eb168ab14878c6d9b,NewSale
0x2e205ebEa4B8e1d6Cdf8B808053780f76a0531Ca,76912,0xbc2d6E7c81E7f35473b3594031FCC4c519fD24Ad,1,0xa499490597d9b9a5fa2e478b5b9c07c83e97a199,1,16055000000000000000,45900000,165066,4954409,1743043569,0xc954d7baee6e991348e850b503dcc4f86badf600400038af2bcfc70a71582a4b,NewSale
0x45310a323D22835b76a5044cf9AAc41eAb115FDB,76920,0xbc2d6E7c81E7f35473b3594031FCC4c519fD24Ad,1,0x64f7c019021ac74a68d90d08491ca43b2a632e71,1,941000000000000,46216757,172043,4954468,1743043687,0xf4cabeb0def3fece512e9cde8436c22df9543603f07dc0166fbaa513e9c4dfcd,NewSale
0xA4c356427CA318505500e0D8eF7B5b05084311c0,76921,0xbc2d6E7c81E7f35473b3594031FCC4c519fD24Ad,1,0x64f7c019021ac74a68d90d08491ca43b2a632e71,1,561000000000000,46184861,172043,4954524,1743043799,0x4d1ffc993fa9c94db8f1c4240d31a88c8fb170859b455a98c1f5643e7fed6343,NewSale
0xc12972cbdD64562f94bDCab014Be4D5c634E62a1,76926,0xbc2d6E7c81E7f35473b3594031FCC4c519fD24Ad,1,0x64f7c019021ac74a68d90d08491ca43b2a632e71,1,651000000000000,47400622,172043,4954591,1743043933,0x1631221436372f17052ae8fe2ae6e88d260957328904350023a5ceae54c1b932,NewSale
0x6e03f1b759ec61267AD541C83F47EB3Bb9676E43,76923,0xbc2d6E7c81E7f35473b3594031FCC4c519fD24Ad,0,0x7b05a99eb6cdd7070dc3c9af676539e0ece4bef9,1,240000000000000,46946657,135766,4954618,1743043987,0x02e01c6d8c6999382ecf59a98e2cc92c8c42270f5aff4d35cbca44b86e02608b,NewSale
0x90df0C21c139caA96cfFac31a6C3921A4bA96444,76929,0xbc2d6E7c81E7f35473b3594031FCC4c519fD24Ad,1,0x64f7c019021ac74a68d90d08491ca43b2a632e71,1,542000000000000,46862343,172043,4954647,1743044045,0x2fadc069067d717d3fb320e7296c4feb50b8e7c23639ba4f1f6f157872e5e777,NewSale
0xD0D858c0b83fC66B2429D722E7b895376F185d81,76931,0xbc2d6E7c81E7f35473b3594031FCC4c519fD24Ad,1,0x64f7c019021ac74a68d90d08491ca43b2a632e71,1,152000000000000,48867244,172031,4954726,1743044203,0x6899c02ab9779c7be5d362d858154a45a27fe65d97b2c16939e8da2b68a5815a,NewSale
0x6BcDDd5a7890041C570D91ea67D749588bF248eA,76919,0xbc2d6E7c81E7f35473b3594031FCC4c519fD24Ad,0,0x7b05a99eb6cdd7070dc3c9af676539e0ece4bef9,1,240000000000000,48812626,135766,4954876,1743044503,0x0f1b369a58a5b3adf57ff9e7d7ca8bc8cb34e8b170e2d48dd954c68a4aa85df7,NewSale
0x64f7C019021aC74A68D90D08491Ca43b2a632E71,76944,0xbc2d6E7c81E7f35473b3594031FCC4c519fD24Ad,1,0x529f71b8285ecbabf59359e9284e98ad05e683e7,1,15130000000000000000,48627380,178454,4954924,1743044599,0x89bee8552ff8c0c9662b889f48a67b66cc02c2cc9458378b2a4b3c4c368501e2,NewSale
0x64f7C019021aC74A68D90D08491Ca43b2a632E71,76944,0xbc2d6E7c81E7f35473b3594031FCC4c519fD24Ad,1,0x529f71b8285ecbabf59359e9284e98ad05e683e7,1,15130000000000000000,48779092,161354,4954943,1743044637,0xbf77e1f2e1dc5095efacd2dafa69c4ac1e5f91e2a9ba05388c2e2b1faf6c5ffc,NewSale
0x5C5aa6B8Db076757baD008C7AeCCF87e5C66A7A3,76915,0xdc0F91C5a4D200FfC21658901c77c0fE1A14d199,0,0x4d4ac65513fee380c596ac9edfac588782831bdf,1,300000000000000,49640000,162483,4954948,1743044647,0x779cadf4ddf073a6091ebc294c0153faa9cce53c59effa623eaf00aa15f7d56f,NewSale
0xf0A0ad001Af613aE2b8b71ED6b9BDA758cc095Ee,76945,0xbc2d6E7c81E7f35473b3594031FCC4c519fD24Ad,0,0x625e0a54fec76e881e86ef7a3666f1c2868390d1,1,240000000000000,49560000,135766,4954950,1743044651,0x409630297ec0c79177f2c228f192fd75bf94c2980b1812f7b3077114ad5e8335,NewSale
0x64f7C019021aC74A68D90D08491Ca43b2a632E71,76944,0xbc2d6E7c81E7f35473b3594031FCC4c519fD24Ad,1,0x529f71b8285ecbabf59359e9284e98ad05e683e7,1,15130000000000000000,48869848,161354,4954963,1743044677,0xf34ca002cad1193af3022d680c42d45698adde8239d9d64b3a153d2fdf9e2663,NewSale
0x40a70Bde6F82AddE285d9b80c5031daA152cb12a,76935,0xbc2d6E7c81E7f35473b3594031FCC4c519fD24Ad,0,0x625e0a54fec76e881e86ef7a3666f1c2868390d1,1,240000000000000,50010000,135766,4954975,1743044701,0x7b1ebaca14cf000e6023531f3c2a160f8dea959427513852213a6b71884f6f85,NewSale
0x64f7C019021aC74A68D90D08491Ca43b2a632E71,76944,0xbc2d6E7c81E7f35473b3594031FCC4c519fD24Ad,1,0x529f71b8285ecbabf59359e9284e98ad05e683e7,1,15130000000000000000,49313573,161354,4954983,1743044717,0x8f4b8b6cfc03674a095e68b8d484a446f67a181986274913aba2f85f0efbe12e,NewSale
0x64f7C019021aC74A68D90D08491Ca43b2a632E71,76944,0xbc2d6E7c81E7f35473b3594031FCC4c519fD24Ad,1,0x529f71b8285ecbabf59359e9284e98ad05e683e7,1,15130000000000000000,49527157,161354,4955003,1743044757,0xf78076e7e9154488e59d504462e88213d070cf58a9762e419e7bb2113909641f,NewSale
0x64f7C019021aC74A68D90D08491Ca43b2a632E71,76944,0xbc2d6E7c81E7f35473b3594031FCC4c519fD24Ad,1,0x529f71b8285ecbabf59359e9284e98ad05e683e7,1,15130000000000000000,49271792,161354,4955023,1743044797,0x56489693bfd778baf778b911a405c1044e04bf38c911d61c06f54c7c472ef5f4,NewSale
0x64f7C019021aC74A68D90D08491Ca43b2a632E71,76944,0xbc2d6E7c81E7f35473b3594031FCC4c519fD24Ad,1,0x529f71b8285ecbabf59359e9284e98ad05e683e7,1,15130000000000000000,49445916,161354,4955043,1743044837,0x37c19f00190b8221df4cbddd3aa9ac27c2cd04bc71dc708ae0f1d0d4723fc7d0,NewSale
0x7b05A99eb6cDD7070dc3C9af676539e0ecE4Bef9,76934,0xbc2d6E7c81E7f35473b3594031FCC4c519fD24Ad,0,0x625e0a54fec76e881e86ef7a3666f1c2868390d1,1,200000000000000,50330000,140578,4955053,1743044857,0x83a0917f352c0d4c60352c2975d63bd8848b720bba0e526ba54519edfe94b8c9,NewSale
0x64f7C019021aC74A68D90D08491Ca43b2a632E71,76944,0xbc2d6E7c81E7f35473b3594031FCC4c519fD24Ad,1,0x529f71b8285ecbabf59359e9284e98ad05e683e7,1,15130000000000000000,49752071,161354,4955064,1743044879,0x8beb078191c6cb26d79bea28400c98142018be2748d147dba68a469dae075fda,NewSale
0x2e205ebEa4B8e1d6Cdf8B808053780f76a0531Ca,76928,0xbc2d6E7c81E7f35473b3594031FCC4c519fD24Ad,1,0x625e0a54fec76e881e86ef7a3666f1c2868390d1,1,239970000000000,50750000,159289,4955083,1743044917,0x8b651e09123bb8ad2fefc3df42bb23ff77d7c3b1246e10dea6227d478713a9f7,NewSale
0x64f7C019021aC74A68D90D08491Ca43b2a632E71,76944,0xbc2d6E7c81E7f35473b3594031FCC4c519fD24Ad,1,0x529f71b8285ecbabf59359e9284e98ad05e683e7,1,15130000000000000000,49747233,161354,4955085,1743044921,0x5dede2612c1b542310716e68852b979e07affcd9e3e416e95ff8cffd4d2888c9,NewSale
0x328f0cd02cF1632F9849bC59C1D266D7a6041d7F,76947,0xbc2d6E7c81E7f35473b3594031FCC4c519fD24Ad,0,0x72f4b2ac5edf7ce84e3ab3053cd57f32ebae3f4d,1,240000000000000,50800000,135766,4955089,1743044929,0x3488614e92abef3f820522ed75e9df31e79c211489d7e415cbaa627c0b2c8c74,NewSale
0x2e205ebEa4B8e1d6Cdf8B808053780f76a0531Ca,76928,0xbc2d6E7c81E7f35473b3594031FCC4c519fD24Ad,1,0x625e0a54fec76e881e86ef7a3666f1c2868390d1,1,239970000000000,50670000,142189,4955093,1743044937,0x458b390619d077e6a64e4b534c5a8b87eafaf5f5fbcfa5df9ef1d2ce0bfffa92,NewSale
0x64f7C019021aC74A68D90D08491Ca43b2a632E71,76944,0xbc2d6E7c81E7f35473b3594031FCC4c519fD24Ad,1,0x529f71b8285ecbabf59359e9284e98ad05e683e7,1,15130000000000000000,49862122,161354,4955105,1743044961,0x667e64eddb2a7c2fb99debca6b45f494a597c8801b55e2f8fa2d14f742874f62,NewSale
0x64f7C019021aC74A68D90D08491Ca43b2a632E71,76944,0xbc2d6E7c81E7f35473b3594031FCC4c519fD24Ad,1,0x529f71b8285ecbabf59359e9284e98ad05e683e7,1,15130000000000000000,49456645,161354,4955125,1743045001,0x380fb86dcc333b3bc0a1ca70e96cbbf1e2a1579f670c419db712436b8d6304ef,NewSale
0x3758EB03a69b6F0e90f38dFf7a41e2c522a1ac93,76903,0xbc2d6E7c81E7f35473b3594031FCC4c519fD24Ad,0,0x35467a1ea60383a0ae46ae683c368414d7f17da6,1,240000000000000,49353500,152866,4955128,1743045007,0xbcaa5e01ac7f5aaa10be8e05473994660c533e63682a02ccef9b1b10bac9e9ae,NewSale
0x2e205ebEa4B8e1d6Cdf8B808053780f76a0531Ca,76928,0xbc2d6E7c81E7f35473b3594031FCC4c519fD24Ad,1,0x8577879b11672266f25fa1c7b674bd2cf4a35ec1,1,239970000000000,50219334,159289,4955141,1743045033,0x9764ac85384424d08efc552f4dfd57d75fa14f844ab0f26cd88622a6af0101a5,NewSale
0x64f7C019021aC74A68D90D08491Ca43b2a632E71,76944,0xbc2d6E7c81E7f35473b3594031FCC4c519fD24Ad,1,0x529f71b8285ecbabf59359e9284e98ad05e683e7,1,15130000000000000000,49059610,161354,4955145,1743045041,0x7b52994111acb6c773d08d3f967d956d36af0451df36d39bc12fcaddc7ea2546,NewSale
0x80fe121B69163E17bd4e9CC573652e29E48fa4ae,76375,0xbc2d6E7c81E7f35473b3594031FCC4c519fD24Ad,0,0xae3ed39da68fcc1dcf0a3fce7f049198eaa962ee,1,20000000000000000000,50181145,182166,4955148,1743045047,0xda7371421ebe4c45b91988535022a41c5798c118b8f05e9c6d59d6cf93785545,NewSale
0x64f7C019021aC74A68D90D08491Ca43b2a632E71,76944,0xbc2d6E7c81E7f35473b3594031FCC4c519fD24Ad,1,0x529f71b8285ecbabf59359e9284e98ad05e683e7,1,15130000000000000000,48763769,161354,4955165,1743045081,0x8510f409b1472956203bb110c6dbe664bf0af7b324c84e8e6302b2efbabda321,NewSale
0x80fe121B69163E17bd4e9CC573652e29E48fa4ae,76428,0xbc2d6E7c81E7f35473b3594031FCC4c519fD24Ad,0,0xae3ed39da68fcc1dcf0a3fce7f049198eaa962ee,1,20000000000000000000,49744363,165066,4955169,1743045089,0x69499bfc90609b592d6532ff5209810ab95689b2ee864d9accdf45055c7e9d41,NewSale
0x69558E7065d467ce24Ab4D9e03C9D5b193950956,76895,0xdc0F91C5a4D200FfC21658901c77c0fE1A14d199,0,0x1bbb6f7669f8e35a4fbb71999550f06ba67020bd,1,500000000000000,50688796,167283,4955171,1743045093,0xa7919ab1add30cbf56355ae0c5b5d855fb33072c4b57eaf5a1fbdacec17b83e9,NewSale
0x80fe121B69163E17bd4e9CC573652e29E48fa4ae,76375,0xbc2d6E7c81E7f35473b3594031FCC4c519fD24Ad,0,0xae3ed39da68fcc1dcf0a3fce7f049198eaa962ee,1,20000000000000000000,50769447,165066,4955180,1743045111,0x170dd8f33b8659b258f0bc04575aced7d0c5ef41223547ce339240fc38d6b283,NewSale
0x64f7C019021aC74A68D90D08491Ca43b2a632E71,76944,0xbc2d6E7c81E7f35473b3594031FCC4c519fD24Ad,1,0x529f71b8285ecbabf59359e9284e98ad05e683e7,1,15130000000000000000,49991832,161354,4955185,1743045121,0x182d0a0158e8a425d4a0380c661b587f0db53814de82f143f9bd779a2e73943e,NewSale
0x80fe121B69163E17bd4e9CC573652e29E48fa4ae,76428,0xbc2d6E7c81E7f35473b3594031FCC4c519fD24Ad,0,0xae3ed39da68fcc1dcf0a3fce7f049198eaa962ee,1,20000000000000000000,50991732,165066,4955189,1743045129,0x6c0881aa0683566ee9dfa67dc287fd23a7696d98c8d288e274b3eacf97a97703,NewSale
0x7b05A99eb6cDD7070dc3C9af676539e0ecE4Bef9,76939,0xbc2d6E7c81E7f35473b3594031FCC4c519fD24Ad,0,0x625e0a54fec76e881e86ef7a3666f1c2868390d1,1,200000000000000,51070000,140578,4955197,1743045145,0xdce1c09e0c9502eb6a4d4e2510d5f6d92ad983ca9750e801633ebf0d387e21e6,NewSale
0x80fe121B69163E17bd4e9CC573652e29E48fa4ae,76375,0xbc2d6E7c81E7f35473b3594031FCC4c519fD24Ad,0,0xae3ed39da68fcc1dcf0a3fce7f049198eaa962ee,1,20000000000000000000,50871332,163455,4955203,1743045157,0x175cdc3715b67643869043339e7de21c1688d94dc86d81604bc9c0470a279156,NewSale
0x64f7C019021aC74A68D90D08491Ca43b2a632E71,76944,0xbc2d6E7c81E7f35473b3594031FCC4c519fD24Ad,1,0x529f71b8285ecbabf59359e9284e98ad05e683e7,1,15130000000000000000,50081276,161354,4955205,1743045161,0xa58fa44fab1684e9d1fc8a61ce05812cc779b6adf91cf388edf6d2930e783b52,NewSale
0x80fe121B69163E17bd4e9CC573652e29E48fa4ae,76428,0xbc2d6E7c81E7f35473b3594031FCC4c519fD24Ad,0,0xae3ed39da68fcc1dcf0a3fce7f049198eaa962ee,1,20000000000000000000,51570165,160266,4955220,1743045191,0x41f992976289357d29d46e1c9aebea453425dad196ec4bf2b8085213fda167e3,NewSale
0x64f7C019021aC74A68D90D08491Ca43b2a632E71,76944,0xbc2d6E7c81E7f35473b3594031FCC4c519fD24Ad,1,0x529f71b8285ecbabf59359e9284e98ad05e683e7,1,15130000000000000000,51127235,161354,4955225,1743045201,0xb3fabe41c430e82350e29e152038d806b358295d83f05573b682b7ea48a3b07d,NewSale
0x80fe121B69163E17bd4e9CC573652e29E48fa4ae,76428,0xbc2d6E7c81E7f35473b3594031FCC4c519fD24Ad,0,0xae3ed39da68fcc1dcf0a3fce7f049198eaa962ee,1,20000000000000000000,52828781,165066,4955242,1743045235,0x9023a7fcd5569cde1c3416d84cb8c124e847a9ae9d5f88bd487cb8097fa08e38,NewSale
0x80fe121B69163E17bd4e9CC573652e29E48fa4ae,76428,0xbc2d6E7c81E7f35473b3594031FCC4c519fD24Ad,0,0xae3ed39da68fcc1dcf0a3fce7f049198eaa962ee,1,20000000000000000000,53473998,165066,4955250,1743045251,0xa24f5e700ff2ef126b1ea346a6956a39757657140c1ca5ccfd4d16659301092d,NewSale
0x64f7C019021aC74A68D90D08491Ca43b2a632E71,76944,0xbc2d6E7c81E7f35473b3594031FCC4c519fD24Ad,1,0x625e0a54fec76e881e86ef7a3666f1c2868390d1,1,15130000000000000000,53330000,163443,4955255,1743045261,0x0edb1e14c4b7653e9e5d443bedc4f3391bb4ee38a6d1963bfe6d16f81d6d696e,NewSale
0x80fe121B69163E17bd4e9CC573652e29E48fa4ae,76428,0xbc2d6E7c81E7f35473b3594031FCC4c519fD24Ad,0,0xae3ed39da68fcc1dcf0a3fce7f049198eaa962ee,1,20000000000000000000,53696229,165066,4955265,1743045281,0x5ebde8aa4dc3c5b2d1010c19b70dbebb69cec779c3d0b2890770ae502ac9b702,NewSale
0x161324631C0Fa0Af5de534E43BEB1DE3Ba90128a,76959,0xbc2d6E7c81E7f35473b3594031FCC4c519fD24Ad,0,0xae3ed39da68fcc1dcf0a3fce7f049198eaa962ee,1,1000000000000000000,54133510,163443,4955279,1743045309,0xcb74cdbf77c30591697c274bfe8bc70fef1c09e721cf8baa4257a324461bbb9b,NewSale
0xbAa9672503be4067CCc6eBB08BEe52af3e0b3b4C,75949,0x2Bf46D4497e98FbA2304B0d2453922FFf559Ea02,63,0xba82c2f4d2f246b92d7b03f8896529598eef1d5e,1,599900000000000,53930000,164783,4955280,1743045311,0x77dcf29b6ad73cec6c0a53d5601fa0a0857e2e037b39277a8fb387c8a9c2cf59,NewSale
0x80fe121B69163E17bd4e9CC573652e29E48fa4ae,76428,0xbc2d6E7c81E7f35473b3594031FCC4c519fD24Ad,0,0xae3ed39da68fcc1dcf0a3fce7f049198eaa962ee,1,20000000000000000000,54923782,165066,4955297,1743045345,0x9b7e8b396cdac534c8b26b364a822ac73fc8a1972fdd9592cd3d6eff5fa53773,NewSale
0xbAa9672503be4067CCc6eBB08BEe52af3e0b3b4C,76117,0x2Bf46D4497e98FbA2304B0d2453922FFf559Ea02,75,0xba82c2f4d2f246b92d7b03f8896529598eef1d5e,1,599900000000000,54810000,164783,4955303,1743045357,0x261afabff2a0aa4d3448d050ea51387289ec73601cca42ebe363941f05dd8429,NewSale
0xB7742a79F4e6B5fd3008223ad36fdCA976bF489A,76932,0xbc2d6E7c81E7f35473b3594031FCC4c519fD24Ad,0,0x61f520f503e9e485724cc0038f175418f632541c,1,240000000000000,57800000,135766,4955439,1743045629,0xd3c6fcd818eacc6396ddff4a056cbfa1b01f398cd8b05973a759ed0d8a8a02e8,NewSale
0x66907de460905CB2fc07d10e2c0031D610247684,76194,0x02e21A25F0038fa5BDEe9c0b77aC0c1E84d3d6f0,1789,0xbaa9672503be4067ccc6ebb08bee52af3e0b3b4c,1,25000000000000000000,56626469,161022,4955467,1743045685,0x9e2b0a2b2934f1afe2509f1406a4eb62075e140901f5ade83cd40835245e07f7,NewSale
0x7b05A99eb6cDD7070dc3C9af676539e0ecE4Bef9,76937,0xbc2d6E7c81E7f35473b3594031FCC4c519fD24Ad,0,0x61f520f503e9e485724cc0038f175418f632541c,1,200000000000000,56050000,140578,4955494,1743045739,0x5df01d279fef8b98d7441ebce2208981b8acd18afc1e68c04fc7a354875dba8c,NewSale
0xD442877E06928714152314416f8002F525a85691,76956,0xbc2d6E7c81E7f35473b3594031FCC4c519fD24Ad,0,0x61f520f503e9e485724cc0038f175418f632541c,1,230000000000000,55690000,135778,4955508,1743045767,0x1b857db13cd4e5f5bd87db08fc5c4b85865278450cd6dc032d2345dabe29e048,NewSale
0xe547D8D3eaf46a3385A439F75576Eb8427a4DFf4,76964,0xbc2d6E7c81E7f35473b3594031FCC4c519fD24Ad,0,0x5afb1ccb5f2308b8d6e3add591bff4e75974a41f,1,239900000000000,55424668,135778,4955518,1743045787,0x6916449a25e8f7f73f1cf663e3d440def313287dfdd101eb7b4ccbb91e8d8e3b,NewSale
0xE5eA7FEe892E0D38D8B174eC34Fc362cf5E5216E,76969,0xbc2d6E7c81E7f35473b3594031FCC4c519fD24Ad,1,0x61f520f503e9e485724cc0038f175418f632541c,1,239000000000000,55340000,152878,4955524,1743045799,0xab0954a79ee4b1cb8ad29cb677de570d291f0d9c304bd9d26c7d9d0ec71d5f4c,NewSale
0x2e205ebEa4B8e1d6Cdf8B808053780f76a0531Ca,76928,0xbc2d6E7c81E7f35473b3594031FCC4c519fD24Ad,1,0x61f520f503e9e485724cc0038f175418f632541c,1,239970000000000,55310000,142189,4955534,1743045819,0x4b00e90bf636b316ee1abb5bbd03f7bf612c810705c3289e9de595de08aa70e6,NewSale
0x66907de460905CB2fc07d10e2c0031D610247684,76180,0x02e21A25F0038fa5BDEe9c0b77aC0c1E84d3d6f0,1644,0x625e0a54fec76e881e86ef7a3666f1c2868390d1,1,800000,54280000,188205,4955564,1743045879,0x628a029e81866b202e03c7e9e34981bd04302d9be83bbc0294432e13f15e10ad,NewSale
0x25611c7A43EeE349c1DBE1E8912dB741ABDB24b3,76917,0xbc2d6E7c81E7f35473b3594031FCC4c519fD24Ad,0,0x61f520f503e9e485724cc0038f175418f632541c,1,240000000000000,54010000,135766,4955571,1743045893,0x4c888574475a05f176dcd1c9daf4e74ae0f5daa18df82ff6ccb931af48a004d8,NewSale
0x2e205ebEa4B8e1d6Cdf8B808053780f76a0531Ca,76928,0xbc2d6E7c81E7f35473b3594031FCC4c519fD24Ad,1,0x8577879b11672266f25fa1c7b674bd2cf4a35ec1,1,239970000000000,53429402,142189,4955571,1743045893,0xa3cef05519991c37d8c376b87290c91a7ec099898048eb0d2540dd0cc28636a1,NewSale
0xC0DEc165A5d6e6766Fbc35c977f89535899D0411,74893,0xbc2d6E7c81E7f35473b3594031FCC4c519fD24Ad,0,0x5afb1ccb5f2308b8d6e3add591bff4e75974a41f,1,249999990000000,52754336,142201,4955580,1743045911,0x5fd9c765cf05c32c6bace86c3d223e017da01ecdb1ef064643756e87ea7dc0c4,NewSale
0xa1b4234499F8E2038e838B3b7822292e0de42Af2,76925,0xbc2d6E7c81E7f35473b3594031FCC4c519fD24Ad,0,0x61f520f503e9e485724cc0038f175418f632541c,1,240000000000000,53430000,135766,4955584,1743045919,0x9cccc35be8efec87899efc13036bcccb729719cbb70c7270367a7f3ba1697683,NewSale
0x38774c805F12A71E3711F8EafB70B1FA4a86D056,76965,0xbc2d6E7c81E7f35473b3594031FCC4c519fD24Ad,1,0x61f520f503e9e485724cc0038f175418f632541c,1,239000000000000,52570000,135778,4955598,1743045947,0x9c821dad638b01f9db42427744f04e77501bd90346a20b8c4433848b71c338a4,NewSale
0xae3eD39da68fcC1dCF0a3fCe7F049198EAA962eE,76972,0xbc2d6E7c81E7f35473b3594031FCC4c519fD24Ad,0,0x80fe121b69163e17bd4e9cc573652e29e48fa4ae,1,19800000000000000000,52120057,182166,4955600,1743045951,0x8e56ce0cc5746b0d52f3b11ec3f93e2fe1fc7f13abc8a63491c56627092d6325,NewSale
0xae3eD39da68fcC1dCF0a3fCe7F049198EAA962eE,76972,0xbc2d6E7c81E7f35473b3594031FCC4c519fD24Ad,0,0x80fe121b69163e17bd4e9cc573652e29e48fa4ae,1,19800000000000000000,51930612,165066,4955609,1743045969,0xaca6cf8fc494eea65ff20fba71def508ab64344110806f54f13516ac6b871fbf,NewSale
0xae3eD39da68fcC1dCF0a3fCe7F049198EAA962eE,76972,0xbc2d6E7c81E7f35473b3594031FCC4c519fD24Ad,0,0x80fe121b69163e17bd4e9cc573652e29e48fa4ae,1,19800000000000000000,51542125,165066,4955617,1743045985,0x91ca6db723af746286b7a5cc706d622b815dbd1b0d8cec629ed57cc80fb2bea8,NewSale
0x5CAB2CF6DE2c5a1571Fb4F5E3Da7f57F2a0094AB,74842,0xbc2d6E7c81E7f35473b3594031FCC4c519fD24Ad,0,0x5afb1ccb5f2308b8d6e3add591bff4e75974a41f,1,279000000000000,51372000,135778,4955632,1743046015,0x647a1a688dfca3fb7384ebc0f99e37dcc438f8029d8cb453a2a518200d9e92af,NewSale
0xae3eD39da68fcC1dCF0a3fCe7F049198EAA962eE,76972,0xbc2d6E7c81E7f35473b3594031FCC4c519fD24Ad,0,0x80fe121b69163e17bd4e9cc573652e29e48fa4ae,1,19800000000000000000,51232983,165066,4955636,1743046023,0xa1811e5df5e4d6f9fa1c32a2284854c883887395e545a0b888b0a7b19eb8a2d4,NewSale
0xae3eD39da68fcC1dCF0a3fCe7F049198EAA962eE,76972,0xbc2d6E7c81E7f35473b3594031FCC4c519fD24Ad,0,0x80fe121b69163e17bd4e9cc573652e29e48fa4ae,1,19800000000000000000,50836273,165066,4955645,1743046041,0x70a8cc3cfe7e9b85d7431b504ef893d66eeafed2cdd1f0b2262ea073e2361816,NewSale
0xae3eD39da68fcC1dCF0a3fCe7F049198EAA962eE,76972,0xbc2d6E7c81E7f35473b3594031FCC4c519fD24Ad,0,0x80fe121b69163e17bd4e9cc573652e29e48fa4ae,1,19800000000000000000,50676395,165066,4955656,1743046063,0xa1974bffd9931838c636a94c4adf7d2af896d6c03142990f6b1cb5b093bc2712,NewSale
0x529F71B8285ECbabF59359e9284E98AD05e683E7,76974,0xbc2d6E7c81E7f35473b3594031FCC4c519fD24Ad,1,0x64f7c019021ac74a68d90d08491ca43b2a632e71,1,15200000000000000000,50386740,161354,4955670,1743046091,0x3c5b259d59ef45121290e4782d1dc602e5445b475aa046eb3cbbc11ad774e05e,NewSale
0xae3eD39da68fcC1dCF0a3fCe7F049198EAA962eE,76972,0xbc2d6E7c81E7f35473b3594031FCC4c519fD24Ad,0,0x80fe121b69163e17bd4e9cc573652e29e48fa4ae,1,19800000000000000000,50484309,165066,4955672,1743046095,0xe480dfac6dc980b502b667c6eb7457ca4eebd074c9333159e70b77e6931d05e0,NewSale
0x55bAE5DC600A22f6875DaeBA3C709cADc3e43c82,76927,0xbc2d6E7c81E7f35473b3594031FCC4c519fD24Ad,0,0x8577879b11672266f25fa1c7b674bd2cf4a35ec1,1,240000000000000,50472037,135766,4955677,1743046105,0x07451f9c436a6d70861b2f314a982176a5f4a3ec2a8d95dce605d10ec5481e7e,NewSale
0xae3eD39da68fcC1dCF0a3fCe7F049198EAA962eE,76972,0xbc2d6E7c81E7f35473b3594031FCC4c519fD24Ad,0,0x80fe121b69163e17bd4e9cc573652e29e48fa4ae,1,19800000000000000000,50458246,160266,4955680,1743046111,0x389ce3b23e5bd0c56dc0d8f53664417a8e14872ddc779508b05a9aecbcda12f8,NewSale
0x673a4f0e3E50AF4e3DED14b711034e8e530Cc25a,76943,0xdc0F91C5a4D200FfC21658901c77c0fE1A14d199,0,0x88466d992243e5806117f9c4be2c1bec89fc0528,1,480000000000000,50224484,162471,4955682,1743046115,0x444f34956dd5c1c77870f745956a3541455da76ea5997fc48b0fefa0c3891a54,NewSale
