listing_creator,listing_id,asset_contract,token_id,buyer,quantity_bought,total_price_paid,gas_price,gas_used,block_number,timestamp,transaction_hash,event_type
0x45490337fC06143F5bFbb531c5089f2bef6c3791,80037,0xdc0F91C5a4D200FfC21658901c77c0fE1A14d199,0,0xb7e5bba9fec15b500470ecb6cc9c83a8e1802bc5,1,560000000000000,16678904,162471,4994560,1743123871,0x48a20de5122de5a4294cbb9182e659722d81a23ab7012b9f5b79d4d174aa6c7a,NewSale
0x2e205ebEa4B8e1d6Cdf8B808053780f76a0531Ca,80105,0xbc2d6E7c81E7f35473b3594031FCC4c519fD24Ad,1,0xa499490597d9b9a5fa2e478b5b9c07c83e97a199,1,16020000000000000000,16730000,182154,4994575,1743123901,0xa95a3908de36d2b7289437341510d70026a66531212350c456e1b3355ea82208,NewSale
0x2e205ebEa4B8e1d6Cdf8B808053780f76a0531Ca,80105,0xbc2d6E7c81E7f35473b3594031FCC4c519fD24Ad,1,0xa499490597d9b9a5fa2e478b5b9c07c83e97a199,1,16020000000000000000,16800000,165054,4994591,1743123933,0xc92e003b44dceab5573d786ba1c2fca86451aede026f1397c19c5b2545730e5b,NewSale
0x2e205ebEa4B8e1d6Cdf8B808053780f76a0531Ca,80105,0xbc2d6E7c81E7f35473b3594031FCC4c519fD24Ad,1,0xa499490597d9b9a5fa2e478b5b9c07c83e97a199,1,16020000000000000000,16760000,165054,4994607,1743123965,0x93612fb41777a008b0b85478cbff472ae98733877caea042346e4199a83b481b,NewSale
0x64f7C019021aC74A68D90D08491Ca43b2a632E71,80107,0xbc2d6E7c81E7f35473b3594031FCC4c519fD24Ad,1,0x529f71b8285ecbabf59359e9284e98ad05e683e7,1,15130000000000000000,16909002,178454,4994622,1743123995,0x3b504897b4198bd3771f0ebf75e99190bf321620de5d5c001753fd7978cbe427,NewSale
0x2e205ebEa4B8e1d6Cdf8B808053780f76a0531Ca,80105,0xbc2d6E7c81E7f35473b3594031FCC4c519fD24Ad,1,0xa499490597d9b9a5fa2e478b5b9c07c83e97a199,1,16020000000000000000,16820000,165054,4994625,1743124001,0x05c9c27622faba9c45d37bec7ceb744614f37a96536ad64cba95b41abbcbfa2d,NewSale
0x2e205ebEa4B8e1d6Cdf8B808053780f76a0531Ca,80105,0xbc2d6E7c81E7f35473b3594031FCC4c519fD24Ad,1,0xa499490597d9b9a5fa2e478b5b9c07c83e97a199,1,16020000000000000000,16970000,160254,4994641,1743124033,0xd31baa91e19ccaead7b872267277a461f22b1fccc80d96549db29e92fe4b94da,NewSale
0x64f7C019021aC74A68D90D08491Ca43b2a632E71,80107,0xbc2d6E7c81E7f35473b3594031FCC4c519fD24Ad,1,0x529f71b8285ecbabf59359e9284e98ad05e683e7,1,15130000000000000000,17008089,161354,4994642,1743124035,0x95d4e7f80ca1d5769fa135fe640c59863616effbe7ca68649d66447605772425,NewSale
0x64f7C019021aC74A68D90D08491Ca43b2a632E71,80107,0xbc2d6E7c81E7f35473b3594031FCC4c519fD24Ad,1,0x529f71b8285ecbabf59359e9284e98ad05e683e7,1,15130000000000000000,17160626,161354,4994662,1743124075,0xb69afe3983265384348091779cad18425356e1aa42f44dbd947002715e938559,NewSale
0x2e205ebEa4B8e1d6Cdf8B808053780f76a0531Ca,80105,0xbc2d6E7c81E7f35473b3594031FCC4c519fD24Ad,1,0xa499490597d9b9a5fa2e478b5b9c07c83e97a199,1,16020000000000000000,17180000,165054,4994669,1743124089,0x25a3aa2b689784070aafc8a68c542a066ec01688d6b9ed81a6c4bd3d2b30587b,NewSale
0x740A415E9C0FEF5BB1237236a4216513D480df9b,80067,0xbc2d6E7c81E7f35473b3594031FCC4c519fD24Ad,0,0xafd8e0c9a50d0f8cbad14416c573d7b6307b3a2d,1,195000000000000,17290651,135778,4994678,1743124107,0x8d26ec7a2f5cef7ea186f9543d5adadb37cee6798b7d5e39fefd3ca69bd394fd,NewSale
0x64f7C019021aC74A68D90D08491Ca43b2a632E71,80107,0xbc2d6E7c81E7f35473b3594031FCC4c519fD24Ad,1,0x529f71b8285ecbabf59359e9284e98ad05e683e7,1,15130000000000000000,17313812,161354,4994682,1743124115,0x0d84bdd32529bb8bc4934b81b38dd5bbfcab7619a207446a9b41d815da6cb3bf,NewSale
0x2e205ebEa4B8e1d6Cdf8B808053780f76a0531Ca,80105,0xbc2d6E7c81E7f35473b3594031FCC4c519fD24Ad,1,0xa499490597d9b9a5fa2e478b5b9c07c83e97a199,1,16020000000000000000,17360000,165054,4994693,1743124137,0x1183133f9bbab3e2743d3ee996944016dc96c47e3b42e54b0dee0eebb44a502e,NewSale
0x19fa7Db999F5BE9519E26E3C443E6236a10Ed044,80075,0xbc2d6E7c81E7f35473b3594031FCC4c519fD24Ad,0,0xafd8e0c9a50d0f8cbad14416c573d7b6307b3a2d,1,197000000000000,17555398,140578,4994696,1743124143,0xee85e003a1fd9718455f43ceacbb40ab427f6141e804443118b1ebc9541af2c4,NewSale
0x64f7C019021aC74A68D90D08491Ca43b2a632E71,80107,0xbc2d6E7c81E7f35473b3594031FCC4c519fD24Ad,1,0x529f71b8285ecbabf59359e9284e98ad05e683e7,1,15130000000000000000,17746589,161354,4994704,1743124159,0xddf595898c1338e9c06747ba16fd6d118b1727a343e059406e1cba24984f4716,NewSale
0x2e205ebEa4B8e1d6Cdf8B808053780f76a0531Ca,80105,0xbc2d6E7c81E7f35473b3594031FCC4c519fD24Ad,1,0xa499490597d9b9a5fa2e478b5b9c07c83e97a199,1,16020000000000000000,17600000,165054,4994706,1743124163,0x19eb322609fc7b06e5433d778845908592977a429d80887337451a4c46860eef,NewSale
0x64f7C019021aC74A68D90D08491Ca43b2a632E71,80107,0xbc2d6E7c81E7f35473b3594031FCC4c519fD24Ad,1,0x529f71b8285ecbabf59359e9284e98ad05e683e7,1,15130000000000000000,18488469,161354,4994723,1743124197,0x3367fdf03d871bb8ed8e4cb28ffa3649aace28acc03b30a58c29ecb238ea682e,NewSale
0x2e205ebEa4B8e1d6Cdf8B808053780f76a0531Ca,80105,0xbc2d6E7c81E7f35473b3594031FCC4c519fD24Ad,1,0xa499490597d9b9a5fa2e478b5b9c07c83e97a199,1,16020000000000000000,18000000,165054,4994725,1743124201,0x41607a74addbc12191ef19f16f2bbb71eb5a31f6717307aef0703e3b534adb6a,NewSale
0x3c0a3Ba6004Dd5550d36244E4F5475ccFe97C730,80113,0xEB255E4669Da7FeEf1F746a5a778b4e08b65a1A7,0,0xa027836804073348d7545d55c904a74c3f952063,1,24000000000000000000,18250000,191730,4994731,1743124213,0x0d2ce2c1c83c0b5ba9f846b585bcaff389491684ffc9d4c4fbab6e8df9b726f6,NewSale
0x64f7C019021aC74A68D90D08491Ca43b2a632E71,80107,0xbc2d6E7c81E7f35473b3594031FCC4c519fD24Ad,1,0x529f71b8285ecbabf59359e9284e98ad05e683e7,1,15130000000000000000,18251804,161354,4994743,1743124237,0xf9c33d6a165fad99e0955e3931ffe851adf2294024a62c755600e6384d6c2207,NewSale
0x2e205ebEa4B8e1d6Cdf8B808053780f76a0531Ca,80105,0xbc2d6E7c81E7f35473b3594031FCC4c519fD24Ad,1,0xa499490597d9b9a5fa2e478b5b9c07c83e97a199,1,16020000000000000000,18800000,160254,4994745,1743124241,0x5d54fe61671e147856734a86d321fb3fdb8e85d632bdb447f59e79e517c46bf4,NewSale
0x19fa7Db999F5BE9519E26E3C443E6236a10Ed044,80094,0xbc2d6E7c81E7f35473b3594031FCC4c519fD24Ad,0,0x9395c1cb348db37f070f47d86fcf90449b81f41c,1,197000000000000,19162052,140578,4994751,1743124253,0x0ec7d9019ee199079a866079ffe83904f8def0dff5771764913ddeaaf6e6fac1,NewSale
0x64f7C019021aC74A68D90D08491Ca43b2a632E71,80107,0xbc2d6E7c81E7f35473b3594031FCC4c519fD24Ad,1,0x529f71b8285ecbabf59359e9284e98ad05e683e7,1,15130000000000000000,18307276,161354,4994763,1743124277,0xdd18d11b8606714312aac2488a283f13f4734ade9452b0fbcdfd0147a40b1ae7,NewSale
0x2e205ebEa4B8e1d6Cdf8B808053780f76a0531Ca,80105,0xbc2d6E7c81E7f35473b3594031FCC4c519fD24Ad,1,0xa499490597d9b9a5fa2e478b5b9c07c83e97a199,1,16020000000000000000,19420000,165054,4994773,1743124297,0x94f25a787abe786cfbd60082a6d25a8d0d7463921b7c981bc861431a69fc53dd,NewSale
0x64f7C019021aC74A68D90D08491Ca43b2a632E71,80107,0xbc2d6E7c81E7f35473b3594031FCC4c519fD24Ad,1,0x529f71b8285ecbabf59359e9284e98ad05e683e7,1,15130000000000000000,18587666,161354,4994783,1743124317,0x86cf0580446bc508c01868676e1f67c97c48d52297f15959ea75750537a4e9db,NewSale
0x2e205ebEa4B8e1d6Cdf8B808053780f76a0531Ca,80105,0xbc2d6E7c81E7f35473b3594031FCC4c519fD24Ad,1,0xa499490597d9b9a5fa2e478b5b9c07c83e97a199,1,16020000000000000000,19540000,165054,4994790,1743124331,0x73f4fa0cc9ab1bf07ac51cd526c9e750413484de1215031e85d2cdf439dc8d13,NewSale
0x2e205ebEa4B8e1d6Cdf8B808053780f76a0531Ca,80105,0xbc2d6E7c81E7f35473b3594031FCC4c519fD24Ad,1,0xa499490597d9b9a5fa2e478b5b9c07c83e97a199,1,16020000000000000000,19640000,165054,4994804,1743124359,0x526978da9d6a885f33f7cb8d83326a9600de27b1c2c9d46d457beea198ba6f63,NewSale
0x64f7C019021aC74A68D90D08491Ca43b2a632E71,80107,0xbc2d6E7c81E7f35473b3594031FCC4c519fD24Ad,1,0x529f71b8285ecbabf59359e9284e98ad05e683e7,1,15130000000000000000,18700540,161354,4994804,1743124359,0xc1f69d1c12b05b26da984a4d374ddd04f4596c8be9177d3be026b45f7e4c08e0,NewSale
0x2e205ebEa4B8e1d6Cdf8B808053780f76a0531Ca,80105,0xbc2d6E7c81E7f35473b3594031FCC4c519fD24Ad,1,0xa499490597d9b9a5fa2e478b5b9c07c83e97a199,1,16020000000000000000,19810000,165054,4994817,1743124385,0xb5204421f8ae1bc3dae3537a3878d34100da88bc49597e0740cc5dd9fe05b06a,NewSale
0x19fa7Db999F5BE9519E26E3C443E6236a10Ed044,80097,0xbc2d6E7c81E7f35473b3594031FCC4c519fD24Ad,0,0x740a415e9c0fef5bb1237236a4216513d480df9b,1,197000000000000,19445453,157678,4994817,1743124385,0xd947b105d2b13e42ad507fcad19b22403a14fbd48690ad1192b5af7a62afe816,NewSale
0x64f7C019021aC74A68D90D08491Ca43b2a632E71,80107,0xbc2d6E7c81E7f35473b3594031FCC4c519fD24Ad,1,0x529f71b8285ecbabf59359e9284e98ad05e683e7,1,15130000000000000000,18892043,161354,4994825,1743124401,0xc3fe6579e7237cc7d7b1c44797056c88f5c86c93155d6bc25beeeb89f3fd320f,NewSale
0x2e205ebEa4B8e1d6Cdf8B808053780f76a0531Ca,80105,0xbc2d6E7c81E7f35473b3594031FCC4c519fD24Ad,1,0xa499490597d9b9a5fa2e478b5b9c07c83e97a199,1,16020000000000000000,19870000,160254,4994834,1743124419,0x1f2b106992ab10e4e504ad21e9ac6618afa4b200e74016c8bbb68e3bb411ef5f,NewSale
0x64f7C019021aC74A68D90D08491Ca43b2a632E71,80107,0xbc2d6E7c81E7f35473b3594031FCC4c519fD24Ad,1,0x529f71b8285ecbabf59359e9284e98ad05e683e7,1,15130000000000000000,19910330,161354,4994845,1743124441,0xd3307bf28939e243d6b5d88ef5b0b517f087df4d23beae4ab55c9e8cc1f70827,NewSale
0xeF0Ef28b882d166B732d00A01Ea762B9CCd3FE44,80109,0xbc2d6E7c81E7f35473b3594031FCC4c519fD24Ad,1,0x9395c1cb348db37f070f47d86fcf90449b81f41c,1,190000000000000,20366120,159289,4994849,1743124449,0x7e9b4bc3e16524b56b921bc720735416a0b34d15372ce093fcaf2cb8417ba17c,NewSale
0x2e205ebEa4B8e1d6Cdf8B808053780f76a0531Ca,80105,0xbc2d6E7c81E7f35473b3594031FCC4c519fD24Ad,1,0xa499490597d9b9a5fa2e478b5b9c07c83e97a199,1,16020000000000000000,20270000,165054,4994857,1743124465,0x46c9d14d3aa0f350164e5d72b06d9ef06ba37e0549a49f7858ba97cab101aafe,NewSale
0x64f7C019021aC74A68D90D08491Ca43b2a632E71,80107,0xbc2d6E7c81E7f35473b3594031FCC4c519fD24Ad,1,0x529f71b8285ecbabf59359e9284e98ad05e683e7,1,15130000000000000000,20395017,161354,4994865,1743124481,0x3775685204e1223446ff6fa9dd2244f5a4f933dd70f1a584d39e1e040fd3a050,NewSale
0x2e205ebEa4B8e1d6Cdf8B808053780f76a0531Ca,80105,0xbc2d6E7c81E7f35473b3594031FCC4c519fD24Ad,1,0xa499490597d9b9a5fa2e478b5b9c07c83e97a199,1,16020000000000000000,20400000,165054,4994874,1743124499,0x57fe13569cc542a2df249a691853d1bc8f5fd908f723f81bc21b3fd73661ef8c,NewSale
0x19fa7Db999F5BE9519E26E3C443E6236a10Ed044,80079,0xbc2d6E7c81E7f35473b3594031FCC4c519fD24Ad,0,0x740a415e9c0fef5bb1237236a4216513d480df9b,1,198000000000000,20585942,140578,4994883,1743124517,0xf21aa7edea21b9b35f7595e466e61ee2dc95927647699849ca8725c5096151eb,NewSale
0x64f7C019021aC74A68D90D08491Ca43b2a632E71,80107,0xbc2d6E7c81E7f35473b3594031FCC4c519fD24Ad,1,0x529f71b8285ecbabf59359e9284e98ad05e683e7,1,15130000000000000000,20562236,161354,4994885,1743124521,0x14f2bbfef2c956cc661d85f1b411322320ae7e49e2d236f62ea6f726c11d335a,NewSale
0x2e205ebEa4B8e1d6Cdf8B808053780f76a0531Ca,80105,0xbc2d6E7c81E7f35473b3594031FCC4c519fD24Ad,1,0xa499490597d9b9a5fa2e478b5b9c07c83e97a199,1,16020000000000000000,20420000,158643,4994890,1743124531,0x3bf14d3cfd75a3c5b6b497b27c873c6fda2a20546fce484bb50d46d82cac059d,NewSale
0x2065b7a05102C48A44CB985a1E1f466ac9cEE08C,80117,0xbc2d6E7c81E7f35473b3594031FCC4c519fD24Ad,0,0x7ade056ba6f876384bc6186a65197d700ff2b8d1,1,260000000000000,20804163,140578,4994904,1743124559,0x383d21aeb536e01e6b8841f2bcb515b59aff0b260af8a1452d5b03ca492451a0,NewSale
0x19fa7Db999F5BE9519E26E3C443E6236a10Ed044,80084,0xbc2d6E7c81E7f35473b3594031FCC4c519fD24Ad,0,0xafd8e0c9a50d0f8cbad14416c573d7b6307b3a2d,1,198000000000000,20748328,140578,4994905,1743124561,0x809e8b326320d42011b07b731b7e08576aa72bc985664b0baa1c266ca368c20e,NewSale
0x64f7C019021aC74A68D90D08491Ca43b2a632E71,80107,0xbc2d6E7c81E7f35473b3594031FCC4c519fD24Ad,1,0x529f71b8285ecbabf59359e9284e98ad05e683e7,1,15130000000000000000,20748209,161354,4994905,1743124561,0x5f91c742385735271ba55f1165c75788f77aba66c25fe6482305d5d201eeede3,NewSale
0x19fa7Db999F5BE9519E26E3C443E6236a10Ed044,80088,0xbc2d6E7c81E7f35473b3594031FCC4c519fD24Ad,0,0xafd8e0c9a50d0f8cbad14416c573d7b6307b3a2d,1,198000000000000,20594014,140578,4994925,1743124601,0xb3136ba1074f0f4e37ebbe539c58149caf00e525c80e838d9466e801d8fba13a,NewSale
0x64f7C019021aC74A68D90D08491Ca43b2a632E71,80107,0xbc2d6E7c81E7f35473b3594031FCC4c519fD24Ad,1,0x529f71b8285ecbabf59359e9284e98ad05e683e7,1,15130000000000000000,19617651,161354,4994926,1743124603,0xef063bbbfcd761dc013acd1be2bb9745a78de3d9e9d6ba3477d00c991db13642,NewSale
0x64f7C019021aC74A68D90D08491Ca43b2a632E71,80107,0xbc2d6E7c81E7f35473b3594031FCC4c519fD24Ad,1,0x529f71b8285ecbabf59359e9284e98ad05e683e7,1,15130000000000000000,20751848,159743,4994946,1743124643,0xe114deee5148720042124fdbd625e5f6f7b4d991287f82b285ecd51da677ad42,NewSale
0x19fa7Db999F5BE9519E26E3C443E6236a10Ed044,80091,0xbc2d6E7c81E7f35473b3594031FCC4c519fD24Ad,0,0xafd8e0c9a50d0f8cbad14416c573d7b6307b3a2d,1,198000000000000,20828921,140578,4994958,1743124667,0x5b78443bcd22f694d75ceedabe5558aa95032d8a4b19df294b06a18815c4d75e,NewSale
0x19fa7Db999F5BE9519E26E3C443E6236a10Ed044,80093,0xbc2d6E7c81E7f35473b3594031FCC4c519fD24Ad,0,0xafd8e0c9a50d0f8cbad14416c573d7b6307b3a2d,1,198000000000000,20844421,140578,4994975,1743124701,0xccfc42b0e30573af42e4687a1ed6d41f4d37268135fc4216df2198dc4ca9ab6c,NewSale
0x19fa7Db999F5BE9519E26E3C443E6236a10Ed044,80076,0xbc2d6E7c81E7f35473b3594031FCC4c519fD24Ad,0,0xafd8e0c9a50d0f8cbad14416c573d7b6307b3a2d,1,199000000000000,21252240,140578,4994999,1743124749,0x4fcea7531b0f85d52deec345dc31abb210085d192c42ce53bef7ebc78b36bd7f,NewSale
0xeF0Ef28b882d166B732d00A01Ea762B9CCd3FE44,80109,0xbc2d6E7c81E7f35473b3594031FCC4c519fD24Ad,1,0x22aceedf74bad400eab6ef4fac5dd982451d9a77,1,190000000000000,20400000,159277,4994999,1743124749,0xb4180091c4649d39b99f881acda7ef55c6802c15df38ba67b1c7729219f2da9c,NewSale
0x2e205ebEa4B8e1d6Cdf8B808053780f76a0531Ca,80132,0xbc2d6E7c81E7f35473b3594031FCC4c519fD24Ad,1,0xa499490597d9b9a5fa2e478b5b9c07c83e97a199,1,16020000000000000000,21090000,182154,4995008,1743124767,0x42b701eeb25a032eaddf4a3e015a3216a1b4fb8c42ee4c2705a0e9d42e60cbe4,NewSale
0x740A415E9C0FEF5BB1237236a4216513D480df9b,80133,0xbc2d6E7c81E7f35473b3594031FCC4c519fD24Ad,0,0xafd8e0c9a50d0f8cbad14416c573d7b6307b3a2d,1,195000000000000,21534713,140578,4995016,1743124783,0xeadbf60e789ed02f547701b51c9e0dfd4fb0022177d253dec35e32f8f1ff9fa1,NewSale
0x2e205ebEa4B8e1d6Cdf8B808053780f76a0531Ca,80132,0xbc2d6E7c81E7f35473b3594031FCC4c519fD24Ad,1,0xa499490597d9b9a5fa2e478b5b9c07c83e97a199,1,16020000000000000000,21400000,160254,4995023,1743124797,0xcc822e1c7793f3fb2348da4ba973224e361f598448af15950d0ff779531ade95,NewSale
0xEEe98e61c2327Dab4B683146E0399316e22AE88a,80124,0xEB255E4669Da7FeEf1F746a5a778b4e08b65a1A7,0,0x08074ea1c1d223f96e173cd230e3b0c21c5fc0d8,1,200000000000000,21544545,162471,4995024,1743124799,0xb67c333d220905f81b801e63a9ee5aef8dfbd0db36b9bfb381facca6ca3390fb,NewSale
0xd69bd007D646C83bc40fD98E4D3B5380EA0Ce095,79186,0xbc2d6E7c81E7f35473b3594031FCC4c519fD24Ad,1,0x2ab87e87c3d33ece5baea9812707c1b06d95c236,1,230000000000000,21454395,157678,4995034,1743124819,0x357c6712383afa41f62f95765ffeb7c14d59a94a8acba0b901c38c577af995f1,NewSale
0x740A415E9C0FEF5BB1237236a4216513D480df9b,80135,0xbc2d6E7c81E7f35473b3594031FCC4c519fD24Ad,0,0xafd8e0c9a50d0f8cbad14416c573d7b6307b3a2d,1,195000000000000,21621190,135778,4995035,1743124821,0x86db70a7e8befc06fd3c9ed21de285196c30752061d8998c0428459feb195c4d,NewSale
0x2e205ebEa4B8e1d6Cdf8B808053780f76a0531Ca,80132,0xbc2d6E7c81E7f35473b3594031FCC4c519fD24Ad,1,0xa499490597d9b9a5fa2e478b5b9c07c83e97a199,1,16020000000000000000,21480000,165054,4995044,1743124839,0xb363991963fc74fd869781e6f0d9a319917fa9ca0896042a92571f81b0a28c68,NewSale
0x2e205ebEa4B8e1d6Cdf8B808053780f76a0531Ca,80132,0xbc2d6E7c81E7f35473b3594031FCC4c519fD24Ad,1,0xa499490597d9b9a5fa2e478b5b9c07c83e97a199,1,16020000000000000000,21630000,165054,4995058,1743124867,0x23cba3219e16c5f378745bd17d82f73938f0add0cb2aa1aa2139147308644b90,NewSale
0x2e205ebEa4B8e1d6Cdf8B808053780f76a0531Ca,80132,0xbc2d6E7c81E7f35473b3594031FCC4c519fD24Ad,1,0xa499490597d9b9a5fa2e478b5b9c07c83e97a199,1,16020000000000000000,21980000,165054,4995073,1743124897,0x5cfbf3133c350ff010a14fa93a97df3459b389a1c552b25b9edd450477f63009,NewSale
0x2065b7a05102C48A44CB985a1E1f466ac9cEE08C,80122,0xbc2d6E7c81E7f35473b3594031FCC4c519fD24Ad,0,0x08074ea1c1d223f96e173cd230e3b0c21c5fc0d8,1,260000000000000,22235622,140578,4995079,1743124909,0x89c76c3dcea8fae043cd48c490039e77d3d6671f5523c820b54fb6a346b49363,NewSale
0x19fa7Db999F5BE9519E26E3C443E6236a10Ed044,80087,0xbc2d6E7c81E7f35473b3594031FCC4c519fD24Ad,0,0x3c5db8ad9b679d96dc037b84926d901dd2f756e6,1,199000000000000,22388337,140578,4995090,1743124931,0x6bfc11d838a00543731d93d42197af20bc1226b6dee527aeca799d8d400cc8cf,NewSale
0xc68A86a5948ED68a56DFa6D6F7BA2C2db881AED1,80139,0xF4527A094c80C7eD9039Ed485d1AAb914b074A49,0,0xbaa9672503be4067ccc6ebb08bee52af3e0b3b4c,1,100000000000000,22490163,145371,4995095,1743124941,0xe777beaaf56f340dbc9548b3a2443ad2a1a02a9de0f490ae260475ba1110b047,NewSale
0x2e205ebEa4B8e1d6Cdf8B808053780f76a0531Ca,80132,0xbc2d6E7c81E7f35473b3594031FCC4c519fD24Ad,1,0xa499490597d9b9a5fa2e478b5b9c07c83e97a199,1,16020000000000000000,22400000,165054,4995098,1743124947,0x1b3134a534389ccfcbb950e1d45357866532ac511fec5a877ad25ec41480b95b,NewSale
0x2e205ebEa4B8e1d6Cdf8B808053780f76a0531Ca,80132,0xbc2d6E7c81E7f35473b3594031FCC4c519fD24Ad,1,0xa499490597d9b9a5fa2e478b5b9c07c83e97a199,1,16020000000000000000,22710000,160254,4995113,1743124977,0x3da290433f90892299a16b1e017b4dc83468e77d54231e2e3b165ec4c1e0e574,NewSale
0xeF0Ef28b882d166B732d00A01Ea762B9CCd3FE44,80109,0xbc2d6E7c81E7f35473b3594031FCC4c519fD24Ad,1,0x3c5db8ad9b679d96dc037b84926d901dd2f756e6,1,190000000000000,23049089,159289,4995124,1743124999,0xa76096549c57034e7a795eea6f66ed1c93f960c7e6382d385725de62f9a302f4,NewSale
0x697522d43Ff893db7BE77263DEF8F579191adBa6,80121,0xdc0F91C5a4D200FfC21658901c77c0fE1A14d199,0,0x1b7909a543d538836b40428549982df6fae3dded,1,510000000000000,23183473,145383,4995126,1743125003,0x75476c9429c581e626eeba3f96660be784eced8dc906ecd102fffdb77ef69c93,NewSale
0x8289B5610768106A6e445088fe7B5d13F13DDDB0,80035,0xbc2d6E7c81E7f35473b3594031FCC4c519fD24Ad,0,0x6c9a56d1c7aaee5b4cb08c414ff522b6619e86eb,1,200000000000000,23075912,140578,4995129,1743125009,0xac0ccdb10db2becccb1d2740193a5b1796928fb785b4a67eb8f3485057cf8618,NewSale
0x1b7909a543d538836B40428549982df6fae3DdeD,80119,0xdc0F91C5a4D200FfC21658901c77c0fE1A14d199,0,0x697522d43ff893db7be77263def8f579191adba6,1,500000000000000,23119610,167283,4995132,1743125015,0x48a6b4f76cb21dccc6a430abfd02d5f769a43f619a55007f30e901ba42f5156c,NewSale
0x2e205ebEa4B8e1d6Cdf8B808053780f76a0531Ca,80132,0xbc2d6E7c81E7f35473b3594031FCC4c519fD24Ad,1,0xa499490597d9b9a5fa2e478b5b9c07c83e97a199,1,16020000000000000000,23070000,165054,4995140,1743125031,0xe85fced51c4f80eaccd18a6c0a7690a4339f0d1ca564d873c5967864106c098e,NewSale
0xAFD8e0c9A50d0f8CBAd14416c573D7B6307B3A2D,80153,0xbc2d6E7c81E7f35473b3594031FCC4c519fD24Ad,0,0x6c9a56d1c7aaee5b4cb08c414ff522b6619e86eb,1,195000000000000,23293055,140578,4995147,1743125045,0x6f71d8b6c126c588d996b1a4f77426d01c14d2b68ddb84d9480b925c50c077ac,NewSale
0x2e205ebEa4B8e1d6Cdf8B808053780f76a0531Ca,80132,0xbc2d6E7c81E7f35473b3594031FCC4c519fD24Ad,1,0xa499490597d9b9a5fa2e478b5b9c07c83e97a199,1,16020000000000000000,23220000,165054,4995154,1743125059,0x77fc6b82a5541ad85c54472aeab1c9d442a8afbe41ea8a732943bf22b84b62cb,NewSale
0x2e205ebEa4B8e1d6Cdf8B808053780f76a0531Ca,80132,0xbc2d6E7c81E7f35473b3594031FCC4c519fD24Ad,1,0xa499490597d9b9a5fa2e478b5b9c07c83e97a199,1,16020000000000000000,23490000,165054,4995174,1743125099,0x3600844adf1e839d0d8928e10e5affb30d2906f37f43a596dda34d5e95edc2c1,NewSale
0x2e205ebEa4B8e1d6Cdf8B808053780f76a0531Ca,80132,0xbc2d6E7c81E7f35473b3594031FCC4c519fD24Ad,1,0xa499490597d9b9a5fa2e478b5b9c07c83e97a199,1,16020000000000000000,23750000,165054,4995190,1743125131,0x422a666302db5a63d41157bdc9293a5f02979352633dcec4b3f07e1e024dcd72,NewSale
0x2e205ebEa4B8e1d6Cdf8B808053780f76a0531Ca,80132,0xbc2d6E7c81E7f35473b3594031FCC4c519fD24Ad,1,0xa499490597d9b9a5fa2e478b5b9c07c83e97a199,1,16020000000000000000,24160000,160254,4995205,1743125161,0xa631a531b3edde4e00aaadd486a28abac53568f524158baaf1b381f86bca69c7,NewSale
0xeb418E53EFcDc351137C9A81c70967b8D7063f4C,80116,0x7e5F161dd824d98AC3474eBf550716d0cb83E8C6,2,0x31fc8eb3466e9b37c114bd88c443ab896ff070b3,1,500000000000000,24417228,164783,4995207,1743125165,0xf7926662de1ce6c1bcaeb3db2ff4b0068cc620d6cccdd580028b7d42341cb28b,NewSale
0x6c9a56d1c7AaEE5b4cB08C414FF522B6619E86eB,80162,0xbc2d6E7c81E7f35473b3594031FCC4c519fD24Ad,0,0x564ba1e901ea04d4dea8b38fc1dc19ca3e278f00,1,197000000000000,24761604,140566,4995218,1743125187,0x0b3b734a4720b4ef96bcfef340aa5c44982ba040b76ce1c6e8fa9bee988ef256,NewSale
0x2e205ebEa4B8e1d6Cdf8B808053780f76a0531Ca,80132,0xbc2d6E7c81E7f35473b3594031FCC4c519fD24Ad,1,0xa499490597d9b9a5fa2e478b5b9c07c83e97a199,1,16020000000000000000,24750000,165054,4995232,1743125215,0x7d19bc4801480cb2cb10926f2ff050723c34507be80f6f7f06c2c52a1507d427,NewSale
0xAFD8e0c9A50d0f8CBAd14416c573D7B6307B3A2D,80161,0xbc2d6E7c81E7f35473b3594031FCC4c519fD24Ad,0,0x564ba1e901ea04d4dea8b38fc1dc19ca3e278f00,1,195000000000000,25142386,140566,4995249,1743125249,0x1ca7fd194faa42e18c3a43c89ad946b149ab726b082e39e3581ba65c7d3c70b4,NewSale
0x721962CD9f0DA446bDdDE2818710772db88021b3,79084,0xbc2d6E7c81E7f35473b3594031FCC4c519fD24Ad,1,0x22aceedf74bad400eab6ef4fac5dd982451d9a77,1,249000000000000,25040000,135766,4995256,1743125263,0x7b5c07ce73bdc506da86fff72738eade093dc2e2a7b74adf8c44e4356ff3cb49,NewSale
0x2e205ebEa4B8e1d6Cdf8B808053780f76a0531Ca,80132,0xbc2d6E7c81E7f35473b3594031FCC4c519fD24Ad,1,0xa499490597d9b9a5fa2e478b5b9c07c83e97a199,1,16020000000000000000,25190000,182154,4995259,1743125269,0x07532266262a5feb2b766a1c3de7edb1b7c9b0ef177dcd5389354dcc769f93e5,NewSale
0xAFD8e0c9A50d0f8CBAd14416c573D7B6307B3A2D,80158,0xbc2d6E7c81E7f35473b3594031FCC4c519fD24Ad,0,0x2ab87e87c3d33ece5baea9812707c1b06d95c236,1,195000000000000,25162609,140578,4995265,1743125281,0x08975997734887dddc45b47ba24b566f874dc6a912e2ea4fb8eae2bd98ed8e29,NewSale
0x2e205ebEa4B8e1d6Cdf8B808053780f76a0531Ca,80132,0xbc2d6E7c81E7f35473b3594031FCC4c519fD24Ad,1,0xa499490597d9b9a5fa2e478b5b9c07c83e97a199,1,16020000000000000000,25430000,165054,4995273,1743125297,0x0ff3ee027e4684a611fa1d848696a79bdf3eae8f1d25f85a5f0ab024880d8506,NewSale
0x2e205ebEa4B8e1d6Cdf8B808053780f76a0531Ca,80132,0xbc2d6E7c81E7f35473b3594031FCC4c519fD24Ad,1,0xa499490597d9b9a5fa2e478b5b9c07c83e97a199,1,16020000000000000000,25610000,165054,4995291,1743125333,0x13e79cc30aae9e663f524948f1f3372d0eb4fae4db67bc1c53a66f205cc7645c,NewSale
0x2e205ebEa4B8e1d6Cdf8B808053780f76a0531Ca,80132,0xbc2d6E7c81E7f35473b3594031FCC4c519fD24Ad,1,0xa499490597d9b9a5fa2e478b5b9c07c83e97a199,1,16020000000000000000,25770000,160254,4995310,1743125371,0x78cf749f8b760067a34c5bccd05b92443ef55b3033407df3e5227910aba40310,NewSale
0x2e205ebEa4B8e1d6Cdf8B808053780f76a0531Ca,80132,0xbc2d6E7c81E7f35473b3594031FCC4c519fD24Ad,1,0xa499490597d9b9a5fa2e478b5b9c07c83e97a199,1,16020000000000000000,26080000,158643,4995327,1743125405,0x7fccfba89fb6981eb5f9ff7641d6187dcdd42e5b3f2a5eadbedfbb7611fe645b,NewSale
0xAFD8e0c9A50d0f8CBAd14416c573D7B6307B3A2D,80175,0xbc2d6E7c81E7f35473b3594031FCC4c519fD24Ad,0,0x564ba1e901ea04d4dea8b38fc1dc19ca3e278f00,1,195000000000000,25764408,140566,4995330,1743125411,0xa1e809ca8fe556643494a89b2ab0c1075d945aa340b9df8a7d444ee6de70349d,NewSale
0xAFD8e0c9A50d0f8CBAd14416c573D7B6307B3A2D,80174,0xbc2d6E7c81E7f35473b3594031FCC4c519fD24Ad,0,0x564ba1e901ea04d4dea8b38fc1dc19ca3e278f00,1,195000000000000,25752353,140566,4995354,1743125459,0x53f6dcedb97425cf3558b2f812fb1d799f234d0980a661320c0bf7abb477554d,NewSale
0x6c9a56d1c7AaEE5b4cB08C414FF522B6619E86eB,80166,0xbc2d6E7c81E7f35473b3594031FCC4c519fD24Ad,0,0x22aceedf74bad400eab6ef4fac5dd982451d9a77,1,193000000000000,26221927,140566,4995381,1743125513,0x82356db69b45c04f4fbb76df6fb00527c655a1cc8c56eea4cb2668c625173b01,NewSale
0x2065b7a05102C48A44CB985a1E1f466ac9cEE08C,80136,0xbc2d6E7c81E7f35473b3594031FCC4c519fD24Ad,0,0x114c04bfec363944ce5f7e28deeb0d932bf93edf,1,260000000000000,26410016,157678,4995405,1743125561,0x451dd697bd9c480a39d7f1c59f2e50749dada9ed8205ac1f988e2c94439977bd,NewSale
0xeF0Ef28b882d166B732d00A01Ea762B9CCd3FE44,80109,0xbc2d6E7c81E7f35473b3594031FCC4c519fD24Ad,1,0x411acd284d76420c42982e7bdd4a22d3803122c5,1,190000000000000,26582384,159289,4995418,1743125587,0x613df9e6cb1482f272c451e2140c1fc0493bb6f9349bc2a616045912a62fa7d0,NewSale
0xE2F0FD73FBD564a726F821e0B63e05c2DC5eB837,80137,0xdc0F91C5a4D200FfC21658901c77c0fE1A14d199,0,0x2000af1d181f31e5ae478d21d0f6168e916142d2,1,520000000000000,27629810,145371,4995435,1743125621,0x3dc8a671fd12fadf6e654e04757875d365e7d229320bfbb143b8c4241c28dc61,NewSale
0xeF0Ef28b882d166B732d00A01Ea762B9CCd3FE44,80109,0xbc2d6E7c81E7f35473b3594031FCC4c519fD24Ad,1,0x411acd284d76420c42982e7bdd4a22d3803122c5,1,190000000000000,27330015,142189,4995443,1743125637,0x177369010d160b1da9cc531bac76acae5a6005caad3ac1c0714f4aa96d60874a,NewSale
0x2e205ebEa4B8e1d6Cdf8B808053780f76a0531Ca,80192,0xbc2d6E7c81E7f35473b3594031FCC4c519fD24Ad,1,0xa499490597d9b9a5fa2e478b5b9c07c83e97a199,1,16020000000000000000,27630000,182154,4995450,1743125651,0x116384759e3390cc619826a04fef2af6371f577d22649518c514415b153d6ea9,NewSale
0xeF0Ef28b882d166B732d00A01Ea762B9CCd3FE44,80109,0xbc2d6E7c81E7f35473b3594031FCC4c519fD24Ad,1,0x411acd284d76420c42982e7bdd4a22d3803122c5,1,190000000000000,27891292,142189,4995463,1743125677,0x2a1a2c7627ec5bd709f300dbf6e4bee388238600b889847d86ed1a8f280ad972,NewSale
0x2e205ebEa4B8e1d6Cdf8B808053780f76a0531Ca,80192,0xbc2d6E7c81E7f35473b3594031FCC4c519fD24Ad,1,0xa499490597d9b9a5fa2e478b5b9c07c83e97a199,1,16020000000000000000,28230000,165054,4995467,1743125685,0x01824abbe89671da751c02c727d241cc8bfc2a940eb2378cfb642de62cf1ef37,NewSale
0x1b7909a543d538836B40428549982df6fae3DdeD,80170,0xdc0F91C5a4D200FfC21658901c77c0fE1A14d199,0,0x9395c1cb348db37f070f47d86fcf90449b81f41c,1,550000000000000,28190391,162483,4995481,1743125713,0x8a01d220299ac366fefbffa821eea7b1ddf87d95bc35c8d25a71f094734e7902,NewSale
0xAFD8e0c9A50d0f8CBAd14416c573D7B6307B3A2D,80186,0xbc2d6E7c81E7f35473b3594031FCC4c519fD24Ad,0,0x114c04bfec363944ce5f7e28deeb0d932bf93edf,1,195000000000000,28259569,140578,4995482,1743125715,0x20aca4a6df8142744a6a8c064b165601845d263330ca60eca00f628e59894ae7,NewSale
0x2e205ebEa4B8e1d6Cdf8B808053780f76a0531Ca,80192,0xbc2d6E7c81E7f35473b3594031FCC4c519fD24Ad,1,0xa499490597d9b9a5fa2e478b5b9c07c83e97a199,1,16020000000000000000,28630000,165054,4995487,1743125725,0x1a086df1f2255df8c24175a6e066623235757a55d3dcb26209fbdc34be85145a,NewSale
0x2e205ebEa4B8e1d6Cdf8B808053780f76a0531Ca,80192,0xbc2d6E7c81E7f35473b3594031FCC4c519fD24Ad,1,0xa499490597d9b9a5fa2e478b5b9c07c83e97a199,1,16020000000000000000,29250000,160254,4995505,1743125761,0xebc416b22e366e79888ab4b3a346b788c0ddf54591f2594057db04c420e78878,NewSale
0x529F71B8285ECbabF59359e9284E98AD05e683E7,80193,0xbc2d6E7c81E7f35473b3594031FCC4c519fD24Ad,1,0x64f7c019021ac74a68d90d08491ca43b2a632e71,1,15640000000000000000,29293883,161354,4995506,1743125763,0x07b1af2e587751dd11fb09ca2c48105a320a90f4617df655ecf3d201873876ed,NewSale
0xeF0Ef28b882d166B732d00A01Ea762B9CCd3FE44,80109,0xbc2d6E7c81E7f35473b3594031FCC4c519fD24Ad,1,0x411acd284d76420c42982e7bdd4a22d3803122c5,1,190000000000000,29806305,142189,4995519,1743125789,0xade490ce5c3bd5ada1b47a462c86f9e0fb260a842bff4c097dde25b2779766c4,NewSale
0x529F71B8285ECbabF59359e9284E98AD05e683E7,80193,0xbc2d6E7c81E7f35473b3594031FCC4c519fD24Ad,1,0x64f7c019021ac74a68d90d08491ca43b2a632e71,1,15640000000000000000,30008261,161354,4995527,1743125805,0xd61f050c270bf3d6660aa335c9ad6a3cc579abb90858fd5a1e7f50870d60c617,NewSale
0x2AB87e87C3D33eCe5BaeA9812707c1B06d95C236,80194,0xbc2d6E7c81E7f35473b3594031FCC4c519fD24Ad,0,0x114c04bfec363944ce5f7e28deeb0d932bf93edf,1,169000000000000,30029806,140578,4995529,1743125809,0xa44093275cccc04efbf85006a59705fe9f4a1b7471a5cb3d02cdafca0cd2c550,NewSale
0x2e205ebEa4B8e1d6Cdf8B808053780f76a0531Ca,80192,0xbc2d6E7c81E7f35473b3594031FCC4c519fD24Ad,1,0xa499490597d9b9a5fa2e478b5b9c07c83e97a199,1,16020000000000000000,30520000,165054,4995530,1743125811,0x8333ff63db47ac0df9606d17e133ce2a4feb2f750b949d4bb9fb35896d79a59e,NewSale
0x2e205ebEa4B8e1d6Cdf8B808053780f76a0531Ca,80192,0xbc2d6E7c81E7f35473b3594031FCC4c519fD24Ad,1,0xa499490597d9b9a5fa2e478b5b9c07c83e97a199,1,16020000000000000000,30790000,165054,4995546,1743125843,0x9202eb5b16c7455fe7d8265b30fc42a067c917712d6bfdfcad05c19f315e4bcd,NewSale
0x529F71B8285ECbabF59359e9284E98AD05e683E7,80193,0xbc2d6E7c81E7f35473b3594031FCC4c519fD24Ad,1,0x64f7c019021ac74a68d90d08491ca43b2a632e71,1,15640000000000000000,30088744,161354,4995547,1743125845,0xda3fc2399adc7ef85fb9a6981122d98ff24b04ea51335b3e1cb455ad26a984e4,NewSale
0xAFD8e0c9A50d0f8CBAd14416c573D7B6307B3A2D,80171,0xbc2d6E7c81E7f35473b3594031FCC4c519fD24Ad,0,0x114c04bfec363944ce5f7e28deeb0d932bf93edf,1,195000000000000,30183850,140578,4995550,1743125851,0x657e0e1a4a7d9100b023bf6f8278f401047f5af6b777539f608fde51d96d7f43,NewSale
0x2e205ebEa4B8e1d6Cdf8B808053780f76a0531Ca,80192,0xbc2d6E7c81E7f35473b3594031FCC4c519fD24Ad,1,0xa499490597d9b9a5fa2e478b5b9c07c83e97a199,1,16020000000000000000,30780000,165054,4995567,1743125885,0xfc8888d58cb64ebc974f0d69ff8afcd2fb5e51bb52954a2fefe983313a25eef5,NewSale
0x529F71B8285ECbabF59359e9284E98AD05e683E7,80193,0xbc2d6E7c81E7f35473b3594031FCC4c519fD24Ad,1,0x64f7c019021ac74a68d90d08491ca43b2a632e71,1,15640000000000000000,29820404,161354,4995568,1743125887,0x375974e9a1311cc83a93221571c2e79318d44b59356b52e46dceefe8e3d318b0,NewSale
0xeF0Ef28b882d166B732d00A01Ea762B9CCd3FE44,80109,0xbc2d6E7c81E7f35473b3594031FCC4c519fD24Ad,1,0x411acd284d76420c42982e7bdd4a22d3803122c5,1,190000000000000,30147726,142189,4995573,1743125897,0x46b930ea9586abb160a14c5827123eb2bbd121a8a9c65bda389c1942634f9493,NewSale
0xeF0Ef28b882d166B732d00A01Ea762B9CCd3FE44,80109,0xbc2d6E7c81E7f35473b3594031FCC4c519fD24Ad,1,0x22aceedf74bad400eab6ef4fac5dd982451d9a77,1,190000000000000,30230626,142177,4995578,1743125907,0x67080911eee0c618962bc597a25818f76a30c7297d1bdefaebfd149c510da5a6,NewSale
0x2AB87e87C3D33eCe5BaeA9812707c1B06d95C236,80196,0xdc0F91C5a4D200FfC21658901c77c0fE1A14d199,0,0x114c04bfec363944ce5f7e28deeb0d932bf93edf,1,169000000000000,30267645,167271,4995582,1743125915,0x4f2926650dcb0c50e1c56afeeb36df12b85b70ab4cd390afa47d583500ea12a7,NewSale
0xeF0Ef28b882d166B732d00A01Ea762B9CCd3FE44,80109,0xbc2d6E7c81E7f35473b3594031FCC4c519fD24Ad,1,0x2000af1d181f31e5ae478d21d0f6168e916142d2,1,190000000000000,30975320,152866,4995584,1743125919,0xfef008d2b672bf4f468dff8562767fc60db962f571de4b5fda8c5b948ac5d844,NewSale
0x2e205ebEa4B8e1d6Cdf8B808053780f76a0531Ca,80192,0xbc2d6E7c81E7f35473b3594031FCC4c519fD24Ad,1,0xa499490597d9b9a5fa2e478b5b9c07c83e97a199,1,16020000000000000000,30750000,165054,4995584,1743125919,0x50ec69536bd220d50347e1b01cdfac4b749c30f08da0f6aa6be578af3c8e269e,NewSale
0x529F71B8285ECbabF59359e9284E98AD05e683E7,80193,0xbc2d6E7c81E7f35473b3594031FCC4c519fD24Ad,1,0x64f7c019021ac74a68d90d08491ca43b2a632e71,1,15640000000000000000,29999216,161354,4995588,1743125927,0x07b4746a220330a048388da343686bf52d41b48716753bd95d6a9f2b706ca268,NewSale
0x2e205ebEa4B8e1d6Cdf8B808053780f76a0531Ca,80192,0xbc2d6E7c81E7f35473b3594031FCC4c519fD24Ad,1,0xa499490597d9b9a5fa2e478b5b9c07c83e97a199,1,16020000000000000000,31090000,160254,4995606,1743125963,0x36e1a909346b9e5fe629bdda434e444bd353e12be8e147e5e6621157231b278c,NewSale
0x529F71B8285ECbabF59359e9284E98AD05e683E7,80193,0xbc2d6E7c81E7f35473b3594031FCC4c519fD24Ad,1,0x64f7c019021ac74a68d90d08491ca43b2a632e71,1,15640000000000000000,30047094,161354,4995609,1743125969,0x2aa689781446b269aa237451aa34884d68002578f677c2a705b08b9daa2c7677,NewSale
0xAFD8e0c9A50d0f8CBAd14416c573D7B6307B3A2D,80165,0xbc2d6E7c81E7f35473b3594031FCC4c519fD24Ad,0,0x6c9a56d1c7aaee5b4cb08c414ff522b6619e86eb,1,195000000000000,30108673,140578,4995615,1743125981,0xd602e421e1f5a08cee1b884fb91990fd2fcea542d07104c73211f1495f081367,NewSale
0x6022B9550Cb1a27B9e6cd1b9e4301356b889dC1A,80130,0xbc2d6E7c81E7f35473b3594031FCC4c519fD24Ad,1,0x411acd284d76420c42982e7bdd4a22d3803122c5,1,195000000000000,30214774,135778,4995618,1743125987,0xc3d5af0a8c46ec5d33306665d7de7c108a0bfc3dca3387e8bb938591490d0c88,NewSale
0x529F71B8285ECbabF59359e9284E98AD05e683E7,80193,0xbc2d6E7c81E7f35473b3594031FCC4c519fD24Ad,1,0x64f7c019021ac74a68d90d08491ca43b2a632e71,1,15640000000000000000,30124771,161354,4995629,1743126009,0xaca7d4c1c2086daead25a18be62e341959b715c3363a9a52ff360b0665173f8e,NewSale
0x8289B5610768106A6e445088fe7B5d13F13DDDB0,80036,0xbc2d6E7c81E7f35473b3594031FCC4c519fD24Ad,0,0xafd8e0c9a50d0f8cbad14416c573d7b6307b3a2d,1,200000000000000,30124771,140578,4995629,1743126009,0x803eb2cd01b9951fab4b9b8f6baf9b319d8b5c0af5b5dbbfe7c27b7435efbc18,NewSale
0x2e205ebEa4B8e1d6Cdf8B808053780f76a0531Ca,80192,0xbc2d6E7c81E7f35473b3594031FCC4c519fD24Ad,1,0xa499490597d9b9a5fa2e478b5b9c07c83e97a199,1,16020000000000000000,31090000,165054,4995631,1743126013,0x18214bb763296d53710cbe3d6fa242ef98a22facaacce99d1d2b55539b4f985d,NewSale
0xAFD8e0c9A50d0f8CBAd14416c573D7B6307B3A2D,80178,0xbc2d6E7c81E7f35473b3594031FCC4c519fD24Ad,0,0x411acd284d76420c42982e7bdd4a22d3803122c5,1,195000000000000,30212927,140578,4995631,1743126013,0xdafefdbcdc43f6f2691d21b9a9fe554d7af08a3bc8fe7ba025af3de84deef844,NewSale
0xAFD8e0c9A50d0f8CBAd14416c573D7B6307B3A2D,80182,0xbc2d6E7c81E7f35473b3594031FCC4c519fD24Ad,0,0x6c9a56d1c7aaee5b4cb08c414ff522b6619e86eb,1,195000000000000,30258513,140578,4995635,1743126021,0x16e8f135f0a4345d7e58d7dfdf77de0f24a7e75b3b0c38e7f989e4efdc994020,NewSale
0x529F71B8285ECbabF59359e9284E98AD05e683E7,80193,0xbc2d6E7c81E7f35473b3594031FCC4c519fD24Ad,1,0x64f7c019021ac74a68d90d08491ca43b2a632e71,1,15640000000000000000,30346287,161354,4995650,1743126051,0xce65cbca5152989350efc664b3f2591d55eb1684317f3fa77e48c9bf9fa5af50,NewSale
0x2e205ebEa4B8e1d6Cdf8B808053780f76a0531Ca,80192,0xbc2d6E7c81E7f35473b3594031FCC4c519fD24Ad,1,0xa499490597d9b9a5fa2e478b5b9c07c83e97a199,1,16020000000000000000,31330000,165054,4995656,1743126063,0x0262be5345731975c772e7edcdc8b9a314eb901375104cacff5b58410461fe2d,NewSale
0x2e205ebEa4B8e1d6Cdf8B808053780f76a0531Ca,80192,0xbc2d6E7c81E7f35473b3594031FCC4c519fD24Ad,1,0xa499490597d9b9a5fa2e478b5b9c07c83e97a199,1,16020000000000000000,31300000,165054,4995671,1743126093,0x6dbb04713a8e67674f47a00ade1cec0a16058801efe67bbb0adf7a0257ea2451,NewSale
0x529F71B8285ECbabF59359e9284E98AD05e683E7,80193,0xbc2d6E7c81E7f35473b3594031FCC4c519fD24Ad,1,0x64f7c019021ac74a68d90d08491ca43b2a632e71,1,15640000000000000000,30593508,161354,4995671,1743126093,0x286b7c41acab5425bacf519527ecc1f3e6cf5054a3df70006eb835450b5b64e5,NewSale
0x6c9a56d1c7AaEE5b4cB08C414FF522B6619E86eB,80217,0xbc2d6E7c81E7f35473b3594031FCC4c519fD24Ad,0,0x411acd284d76420c42982e7bdd4a22d3803122c5,1,194000000000000,30523554,140578,4995675,1743126101,0x9310eae50dbb247d4f3f7a0ebe0bfdc22ead59916796f0d0b3a87eb942d4a737,NewSale
0x529F71B8285ECbabF59359e9284E98AD05e683E7,80193,0xbc2d6E7c81E7f35473b3594031FCC4c519fD24Ad,1,0x114c04bfec363944ce5f7e28deeb0d932bf93edf,1,15640000000000000000,30561598,182154,4995678,1743126107,0xa90676d706a0b8d8ced11207ea1e303628d04463873d0994dd7579e6fc206a0a,NewSale
0x2e205ebEa4B8e1d6Cdf8B808053780f76a0531Ca,80192,0xbc2d6E7c81E7f35473b3594031FCC4c519fD24Ad,1,0xa499490597d9b9a5fa2e478b5b9c07c83e97a199,1,16020000000000000000,31490000,165054,4995688,1743126127,0x71efed13a8f0b02350353fbd0a862420ba5234d75316bf4ac4ce7dc5b039c884,NewSale
0x529F71B8285ECbabF59359e9284E98AD05e683E7,80193,0xbc2d6E7c81E7f35473b3594031FCC4c519fD24Ad,1,0x64f7c019021ac74a68d90d08491ca43b2a632e71,1,15640000000000000000,30554512,161354,4995691,1743126133,0x68b3118e78fa846980c768714e0e670db5480be6a10ea08b8f862289d7731971,NewSale
0x8289B5610768106A6e445088fe7B5d13F13DDDB0,80038,0xbc2d6E7c81E7f35473b3594031FCC4c519fD24Ad,0,0x411acd284d76420c42982e7bdd4a22d3803122c5,1,200000000000000,30549280,140578,4995693,1743126137,0xeb422a7103a4cb9e68e410620ebd57813cec6dec3b095dcbe753a8e1b4ab2946,NewSale
0x2e205ebEa4B8e1d6Cdf8B808053780f76a0531Ca,80192,0xbc2d6E7c81E7f35473b3594031FCC4c519fD24Ad,1,0xa499490597d9b9a5fa2e478b5b9c07c83e97a199,1,16020000000000000000,31550000,160254,4995703,1743126157,0x8b82022cb90da01d1fe2ba1dd1e55705f12fa6549c05cc0c7ccbb8853e13b396,NewSale
0x529F71B8285ECbabF59359e9284E98AD05e683E7,80193,0xbc2d6E7c81E7f35473b3594031FCC4c519fD24Ad,1,0x64f7c019021ac74a68d90d08491ca43b2a632e71,1,15640000000000000000,30964019,161354,4995711,1743126173,0xbaf485a56160bc2a6ffff5646004f7b338e58d83b52543c713498638f5b46cb5,NewSale
0x6c9a56d1c7AaEE5b4cB08C414FF522B6619E86eB,80220,0xbc2d6E7c81E7f35473b3594031FCC4c519fD24Ad,0,0x411acd284d76420c42982e7bdd4a22d3803122c5,1,193000000000000,30964019,140578,4995711,1743126173,0x6ee6e917c38b3e02ef13ff06eb12454ed1269c502a9d9ea7ceff8198d76db5f4,NewSale
0x2e205ebEa4B8e1d6Cdf8B808053780f76a0531Ca,80192,0xbc2d6E7c81E7f35473b3594031FCC4c519fD24Ad,1,0xa499490597d9b9a5fa2e478b5b9c07c83e97a199,1,16020000000000000000,32230000,165054,4995729,1743126209,0x4ab853a242f99b48649bed223ca2c5ec77d2ba67aa319baf6875e452b10f1e81,NewSale
0x529F71B8285ECbabF59359e9284E98AD05e683E7,80193,0xbc2d6E7c81E7f35473b3594031FCC4c519fD24Ad,1,0x64f7c019021ac74a68d90d08491ca43b2a632e71,1,15640000000000000000,31531097,161354,4995731,1743126213,0xbdfdacf81841a274ae2d42e1edc1c2a3e7be584d83b7f5f147a6f855d30cc639,NewSale
0x529F71B8285ECbabF59359e9284E98AD05e683E7,80193,0xbc2d6E7c81E7f35473b3594031FCC4c519fD24Ad,1,0x64f7c019021ac74a68d90d08491ca43b2a632e71,1,15640000000000000000,31658976,161354,4995751,1743126253,0x2eee9568dce414c1d26456efe4eae37c8e1c7646c744c6c55d3c461e80beb7ce,NewSale
0x2e205ebEa4B8e1d6Cdf8B808053780f76a0531Ca,80192,0xbc2d6E7c81E7f35473b3594031FCC4c519fD24Ad,1,0xa499490597d9b9a5fa2e478b5b9c07c83e97a199,1,16020000000000000000,32470000,165054,4995752,1743126255,0x934e55ed4fc8fc6054fcea95b6c8a51dd18296378ae59314331edd48c0e2ecdf,NewSale
0x8289B5610768106A6e445088fe7B5d13F13DDDB0,80040,0xbc2d6E7c81E7f35473b3594031FCC4c519fD24Ad,0,0x6c9a56d1c7aaee5b4cb08c414ff522b6619e86eb,1,200000000000000,31781836,135778,4995764,1743126279,0x0d9e23d21b895fadfcc9236a9947a2bc372d0287881dc791c3ad679a74dfe710,NewSale
0x22ACEEDF74bad400eaB6EF4fAC5dd982451D9a77,80216,0xbc2d6E7c81E7f35473b3594031FCC4c519fD24Ad,1,0x60bb9dc256292502e800e95b71195beee1ebe663,1,250000000000000,31949673,140566,4995766,1743126283,0x6cc9badd8add944292b33e56cd4e7b29d42644f68e2286907055fd21a0afe4ec,NewSale
0xAFD8e0c9A50d0f8CBAd14416c573D7B6307B3A2D,80222,0xbc2d6E7c81E7f35473b3594031FCC4c519fD24Ad,0,0x49555debc46a2362578005b4948c2845e183b3cd,1,195000000000000,32500000,135778,4995768,1743126287,0x96ca40b55999110e3e268a4ddd589bcccaed39efe7c466c41b2c351ee2a05751,NewSale
0x2e205ebEa4B8e1d6Cdf8B808053780f76a0531Ca,80192,0xbc2d6E7c81E7f35473b3594031FCC4c519fD24Ad,1,0xa499490597d9b9a5fa2e478b5b9c07c83e97a199,1,16020000000000000000,32500000,165054,4995769,1743126289,0x42e2a63f91a2b017bb722700609598ce119c2a06976b7651c1740a27c91567c4,NewSale
0x529F71B8285ECbabF59359e9284E98AD05e683E7,80193,0xbc2d6E7c81E7f35473b3594031FCC4c519fD24Ad,1,0x64f7c019021ac74a68d90d08491ca43b2a632e71,1,15640000000000000000,32035971,161354,4995771,1743126293,0x38f54dd8f22fe54f5942acb5854e7947727c22f74072b02d1d8acaa4efdfbe20,NewSale
0x2e205ebEa4B8e1d6Cdf8B808053780f76a0531Ca,80192,0xbc2d6E7c81E7f35473b3594031FCC4c519fD24Ad,1,0xa499490597d9b9a5fa2e478b5b9c07c83e97a199,1,16020000000000000000,32960000,158643,4995782,1743126315,0x3116f348b61eadaca0ccbe3c41a76d1b6b9c7a83c7d497bb989956d685cb9e16,NewSale
0x529F71B8285ECbabF59359e9284E98AD05e683E7,80193,0xbc2d6E7c81E7f35473b3594031FCC4c519fD24Ad,1,0x64f7c019021ac74a68d90d08491ca43b2a632e71,1,15640000000000000000,32188476,161354,4995791,1743126333,0xa6a06a80158b611be0ec629931a29ddc48bc61934d741b46b50c7b9cfe6ca6d7,NewSale
0x529F71B8285ECbabF59359e9284E98AD05e683E7,80193,0xbc2d6E7c81E7f35473b3594031FCC4c519fD24Ad,1,0x64f7c019021ac74a68d90d08491ca43b2a632e71,1,15640000000000000000,32058947,154943,4995812,1743126375,0x533931331f1f057e3ca68dda795ac42ceddd54dc5450125ab9752c12bc6c18e3,NewSale
0x697522d43Ff893db7BE77263DEF8F579191adBa6,80195,0xdc0F91C5a4D200FfC21658901c77c0fE1A14d199,0,0x60bb9dc256292502e800e95b71195beee1ebe663,1,560000000000000,32167049,145359,4995816,1743126383,0x505fbad28d95bed256ec12d8f8249ae0b3543fbaa7410bc43068dfed52441e84,NewSale
0x2AB87e87C3D33eCe5BaeA9812707c1B06d95C236,80207,0xbc2d6E7c81E7f35473b3594031FCC4c519fD24Ad,0,0x60bb9dc256292502e800e95b71195beee1ebe663,1,400000000000000,32446419,142177,4995846,1743126443,0xd5bbac1fbb3c45c1de91ae9671a46563bd80741e031afe75db4cbf68a682072c,NewSale
0x22ACEEDF74bad400eaB6EF4fAC5dd982451D9a77,80243,0xbc2d6E7c81E7f35473b3594031FCC4c519fD24Ad,1,0x114c04bfec363944ce5f7e28deeb0d932bf93edf,1,300000000000000,32619354,140590,4995854,1743126459,0xe2280c90ffff221fc95331aa9ea5aca02731e43873140448471c4e367774f08d,NewSale
0x2AB87e87C3D33eCe5BaeA9812707c1B06d95C236,80207,0xbc2d6E7c81E7f35473b3594031FCC4c519fD24Ad,0,0x60bb9dc256292502e800e95b71195beee1ebe663,1,400000000000000,32634328,135766,4995873,1743126497,0xbe597b53b17ca7e4791c6750284059ce64903dc43fa39386b2ba7a8ab71bb91d,NewSale
0x22ACEEDF74bad400eaB6EF4fAC5dd982451D9a77,80221,0xbc2d6E7c81E7f35473b3594031FCC4c519fD24Ad,0,0x114c04bfec363944ce5f7e28deeb0d932bf93edf,1,200000000000000,32601484,140578,4995887,1743126525,0xadb7988d183de3a9af0ce169f73456f29e76f84d4f6ab50629548a5529053aa2,NewSale
0x6c9a56d1c7AaEE5b4cB08C414FF522B6619E86eB,80241,0xbc2d6E7c81E7f35473b3594031FCC4c519fD24Ad,0,0x22aceedf74bad400eab6ef4fac5dd982451d9a77,1,195000000000000,32842365,140566,4995907,1743126565,0xb5a8759e5189389e09fb0d48fc79a5d9fe1c25aaca2accd0af901022d81756d8,NewSale
0x49555DEbC46A2362578005B4948C2845E183B3cD,80250,0xbc2d6E7c81E7f35473b3594031FCC4c519fD24Ad,0,0x60bb9dc256292502e800e95b71195beee1ebe663,1,300000000000000,32870039,140578,4995908,1743126567,0x89341220e7525b8902c0bc4f8276cfca7d86217d514878088fc106a0aaad20d0,NewSale
0x22ACEEDF74bad400eaB6EF4fAC5dd982451D9a77,80224,0xbc2d6E7c81E7f35473b3594031FCC4c519fD24Ad,0,0x114c04bfec363944ce5f7e28deeb0d932bf93edf,1,200000000000000,32897304,140578,4995916,1743126583,0x57096166624c1cedfe26bb1fc8f4a878f5e1801d3a22fad03f482af89654c4c2,NewSale
0x64f7C019021aC74A68D90D08491Ca43b2a632E71,80253,0xbc2d6E7c81E7f35473b3594031FCC4c519fD24Ad,1,0x529f71b8285ecbabf59359e9284e98ad05e683e7,1,14960000000000000000,33328710,178454,4995941,1743126633,0x25cf6ed61a5f859222b41c12ba5769e95cebee7eb8fcdbbc0f15b254df26b711,NewSale
0x4D8E0e3856BD4AB5D5d138Aa32378e0d26F687db,80115,0xbc2d6E7c81E7f35473b3594031FCC4c519fD24Ad,0,0x98e5df4ab052cd6a808b18a23ab963b466bb8374,1,200000000000000,33571206,140578,4995948,1743126647,0x0a471209885a47ffce7d4267c2071d47795bae15eaf1410823d791ac4fe85b69,NewSale
0x19fa7Db999F5BE9519E26E3C443E6236a10Ed044,80102,0xbc2d6E7c81E7f35473b3594031FCC4c519fD24Ad,0,0x98e5df4ab052cd6a808b18a23ab963b466bb8374,1,200000000000000,33571206,140578,4995948,1743126647,0xa66d16fa2823fb39b23081b474ca6eaab79120ce1d98a42ca36d1dd50cf76b5f,NewSale
0x4D8E0e3856BD4AB5D5d138Aa32378e0d26F687db,80112,0xbc2d6E7c81E7f35473b3594031FCC4c519fD24Ad,0,0x98e5df4ab052cd6a808b18a23ab963b466bb8374,1,200000000000000,33619591,140578,4995949,1743126649,0x23d01d03d84acd19098af8f94b18a82d965d70b8f6e4c7795bb68dd4f96b1d90,NewSale
0x8E043057b2339113F669124B118E9a14589c1169,80096,0xbc2d6E7c81E7f35473b3594031FCC4c519fD24Ad,0,0x98e5df4ab052cd6a808b18a23ab963b466bb8374,1,200000000000000,33571109,140578,4995950,1743126651,0x901b0076e5ab4d50036251b41974887e592e041e3c6305fdbf6911675dda635a,NewSale
0x8E043057b2339113F669124B118E9a14589c1169,80081,0xbc2d6E7c81E7f35473b3594031FCC4c519fD24Ad,0,0x98e5df4ab052cd6a808b18a23ab963b466bb8374,1,200000000000000,33589369,135778,4995951,1743126653,0xcf855f1ba70f523a16caa15ae54651577bd8418efdf8080dea424ff85fc3c614,NewSale
0x19fa7Db999F5BE9519E26E3C443E6236a10Ed044,80089,0xbc2d6E7c81E7f35473b3594031FCC4c519fD24Ad,0,0x98e5df4ab052cd6a808b18a23ab963b466bb8374,1,200000000000000,33589369,135778,4995951,1743126653,0x7a0f650d60092c7892a32f69b102d35e1e28462a55846aea13617edab502d131,NewSale
0x2068ebea21701c4ABABD2E93793b7893dC78951D,80054,0xbc2d6E7c81E7f35473b3594031FCC4c519fD24Ad,0,0x98e5df4ab052cd6a808b18a23ab963b466bb8374,1,200000000000000,33567484,140578,4995952,1743126655,0x3912cfb2e7415d24ace3e2fc3a28eb670301b62b425faf4a4d06e274a5ff8383,NewSale
0x2068ebea21701c4ABABD2E93793b7893dC78951D,80052,0xbc2d6E7c81E7f35473b3594031FCC4c519fD24Ad,0,0x98e5df4ab052cd6a808b18a23ab963b466bb8374,1,200000000000000,33574397,135778,4995954,1743126659,0x55e1d93672844271fb8dabd3973135d24500a1406464ecbe6bd10f77bcfc0a08,NewSale
0x64f7C019021aC74A68D90D08491Ca43b2a632E71,80253,0xbc2d6E7c81E7f35473b3594031FCC4c519fD24Ad,1,0x529f71b8285ecbabf59359e9284e98ad05e683e7,1,14960000000000000000,33503176,161354,4995961,1743126673,0x38fda4b81da621a937690d4a1071b62d06b8062d29f9b08527c64c7e6090f477,NewSale
0x2e205ebEa4B8e1d6Cdf8B808053780f76a0531Ca,80252,0xbc2d6E7c81E7f35473b3594031FCC4c519fD24Ad,1,0x22aceedf74bad400eab6ef4fac5dd982451d9a77,1,199800000000000,33533577,142177,4995963,1743126677,0x964f26e46149ac2dba295eaee4985753568471f13ec0ea19d5fb3cc87a0586f9,NewSale
0x22ACEEDF74bad400eaB6EF4fAC5dd982451D9a77,80228,0xbc2d6E7c81E7f35473b3594031FCC4c519fD24Ad,1,0x114c04bfec363944ce5f7e28deeb0d932bf93edf,1,300000000000000,33769515,140590,4995974,1743126699,0x67e9eb4631840cb84acc8c7c8147370735b12ad04e7a03e765510713a87c4930,NewSale
0x2e205ebEa4B8e1d6Cdf8B808053780f76a0531Ca,80252,0xbc2d6E7c81E7f35473b3594031FCC4c519fD24Ad,1,0x98e5df4ab052cd6a808b18a23ab963b466bb8374,1,199800000000000,33743527,159289,4995979,1743126709,0x4ce2d5ee12c1d35df87f6ba55d62a2f9f5a5360bfc1a1f4a5c8ffe3c157b165b,NewSale
0x64f7C019021aC74A68D90D08491Ca43b2a632E71,80253,0xbc2d6E7c81E7f35473b3594031FCC4c519fD24Ad,1,0x529f71b8285ecbabf59359e9284e98ad05e683e7,1,14960000000000000000,33715586,161354,4995981,1743126713,0x1cfe44948c4524057711043c786acb48bf4c71f503c7024e27dac5e80f1bd234,NewSale
0x64f7C019021aC74A68D90D08491Ca43b2a632E71,80253,0xbc2d6E7c81E7f35473b3594031FCC4c519fD24Ad,1,0x529f71b8285ecbabf59359e9284e98ad05e683e7,1,14960000000000000000,33516567,161354,4996002,1743126755,0x08ae0d17e74cbd41291f70f5a19319902b9227d8bbe733623c68dfbeb9152f41,NewSale
0x2e205ebEa4B8e1d6Cdf8B808053780f76a0531Ca,80252,0xbc2d6E7c81E7f35473b3594031FCC4c519fD24Ad,1,0x98e5df4ab052cd6a808b18a23ab963b466bb8374,1,199800000000000,33399640,142189,4996007,1743126765,0xdd85c2993b3c5cea0c616f27fb9ca167be63fecbe006d73eba7fec80b4eeee87,NewSale
0x206C6544C2165f734CFC0233c5be0dbAB88Acb2d,80043,0x2Bf46D4497e98FbA2304B0d2453922FFf559Ea02,51,0xe111f614f321959d39e9959ac8cc94954fdbbc10,1,600000000000000,33672525,162483,4996019,1743126789,0x8d7c7656ed605a0e8d170275db70e38eb512bbae334668e9ac5af57ec7f7952b,NewSale
0x64f7C019021aC74A68D90D08491Ca43b2a632E71,80253,0xbc2d6E7c81E7f35473b3594031FCC4c519fD24Ad,1,0x529f71b8285ecbabf59359e9284e98ad05e683e7,1,14960000000000000000,33658121,161354,4996022,1743126795,0x4d69a070c900cbe300b76fd0dea7580106e1ac4ef974bfe5dcd2e18685c91cb4,NewSale
0xbAa9672503be4067CCc6eBB08BEe52af3e0b3b4C,79495,0x2Bf46D4497e98FbA2304B0d2453922FFf559Ea02,37,0xe111f614f321959d39e9959ac8cc94954fdbbc10,1,678900000000000,34070689,164783,4996036,1743126823,0xb37834c69c38a770bc867addd962cf062429da99df6730b56f582a2b664deb0b,NewSale
0x64f7C019021aC74A68D90D08491Ca43b2a632E71,80253,0xbc2d6E7c81E7f35473b3594031FCC4c519fD24Ad,1,0x529f71b8285ecbabf59359e9284e98ad05e683e7,1,14960000000000000000,34021218,161354,4996044,1743126839,0xdf2b9499137ad45c529825bffa9b1e403e5a8a387d3b1fb45d753f1694e3bbd1,NewSale
0x64f7C019021aC74A68D90D08491Ca43b2a632E71,80253,0xbc2d6E7c81E7f35473b3594031FCC4c519fD24Ad,1,0x529f71b8285ecbabf59359e9284e98ad05e683e7,1,14960000000000000000,34257588,161354,4996062,1743126875,0xa8c7023825a4dc5d743ee2a45479b061cad6d97e68fe943d265de855bde26216,NewSale
0x4D8E0e3856BD4AB5D5d138Aa32378e0d26F687db,80123,0xbc2d6E7c81E7f35473b3594031FCC4c519fD24Ad,0,0x49555debc46a2362578005b4948c2845e183b3cd,1,200000000000000,35170000,140578,4996071,1743126893,0xb9f38a30d50fb8b07436279973e3ad5284e20b88feaa2731046ca8ac2a545fd4,NewSale
0x64f7C019021aC74A68D90D08491Ca43b2a632E71,80253,0xbc2d6E7c81E7f35473b3594031FCC4c519fD24Ad,1,0x529f71b8285ecbabf59359e9284e98ad05e683e7,1,14960000000000000000,34857722,161354,4996082,1743126915,0x29d278496e2a921c1b56383c1a457aeae8e8543558d600f4d217ac207ad2c0a6,NewSale
0x64f7C019021aC74A68D90D08491Ca43b2a632E71,80253,0xbc2d6E7c81E7f35473b3594031FCC4c519fD24Ad,1,0x529f71b8285ecbabf59359e9284e98ad05e683e7,1,14960000000000000000,34790799,161354,4996103,1743126957,0x0dedf336e6d8a5193b0d1c04508033cebfd986327a21304e2350be4d058f4b73,NewSale
0xc61c71a88104821E59c33a3B634F7646E4A33F21,80041,0xdc0F91C5a4D200FfC21658901c77c0fE1A14d199,0,0x76bf0b7d61878ec164618ae00f2b83fb7d3d3b54,1,620000000000000,36196916,150183,4996165,1743127081,0x98d7d192f4de800a991b5f9d0b21aa7980b81ccc58d880ea98d8da6a2f29ac07,NewSale
0x49555DEbC46A2362578005B4948C2845E183B3cD,80277,0xbc2d6E7c81E7f35473b3594031FCC4c519fD24Ad,0,0x610f3052957a969e69ccb20f9db863812ed5ad5e,1,315800000000000,36930000,157690,4996204,1743127159,0x2b9edb15f366851b93ab3509666dc54434477508a8513226d33cdb2126cb5ccb,NewSale
0x1CbB547F790fB46581065291a57B51c12Dfb1e40,79916,0xdc0F91C5a4D200FfC21658901c77c0fE1A14d199,0,0xf3e70a30b767d776c771821f30f09d3ee58b4328,1,620000000000000,37328823,145383,4996213,1743127177,0x5b4f10315cc3c74569aeade51e022d10c8b0daac819a630600e986f81146625e,NewSale
0x230bFf75310590b1Ac4B5Fd4fb34A7cee8282Ea9,73354,0x6aD26D68bFf8cAD6bAaeA257832854e58B08150E,9,0xe6be0e25048be4ba9ff363469bc5966131fd88d6,1,600000000000000,36950000,164783,4996216,1743127183,0xf23c9bb2c90ff7cfe8876841c000b2b77ddcf64596ef520ad76afbecece5b2a1,NewSale
0x6c9a56d1c7AaEE5b4cB08C414FF522B6619E86eB,80163,0xbc2d6E7c81E7f35473b3594031FCC4c519fD24Ad,0,0xa334a23560c8aa3506116b5da265752bb0f8f7e8,1,200000000000000,36712873,135778,4996308,1743127367,0x4db74952bf610fbf99c1e7f0bb30f3b5971e98636968be9b58e3b54ee711021c,NewSale
0x610F3052957A969E69cCb20F9dB863812ed5Ad5e,80292,0xbc2d6E7c81E7f35473b3594031FCC4c519fD24Ad,0,0x49555debc46a2362578005b4948c2845e183b3cd,1,315800000000000,37660000,135790,4996326,1743127403,0x4be0a6a252a62a9cdac7d1f60cbc38295586781eec95414441190e07f1489d72,NewSale
0x22ACEEDF74bad400eaB6EF4fAC5dd982451D9a77,80239,0x897d1cBBeDC44c8371672e8cA72555b5194D6D86,0,0x80fe121b69163e17bd4e9cc573652e29e48fa4ae,1,350000000000000,37780516,145399,4996341,1743127433,0x64349b3e71f77fd2884b58573436035c315f0417009dc2bc4b0834f09809017d,NewSale
0xbb2C9ce5083504588fDFb2c083EC871C606EE000,80289,0xbc2d6E7c81E7f35473b3594031FCC4c519fD24Ad,0,0xa334a23560c8aa3506116b5da265752bb0f8f7e8,1,125000000000000,37423138,135778,4996373,1743127497,0xaef443c992f72dce6782ea103f250e35fc5229ad276f186942ee27d45bb86cb5,NewSale
0x64f7C019021aC74A68D90D08491Ca43b2a632E71,80253,0xbc2d6E7c81E7f35473b3594031FCC4c519fD24Ad,1,0x529f71b8285ecbabf59359e9284e98ad05e683e7,1,14960000000000000000,37382603,161354,4996391,1743127533,0x320f747e33c1927c28e7fd67fe4d757cf1156e905444f748510681265d93bf7b,NewSale
0x49555DEbC46A2362578005B4948C2845E183B3cD,80295,0xbc2d6E7c81E7f35473b3594031FCC4c519fD24Ad,0,0x610f3052957a969e69ccb20f9db863812ed5ad5e,1,315800000000000,38220000,157690,4996401,1743127553,0xed5c2340aa5c6c5cf09208c564455cf09eeed8500c76937fbe9b227c464c013b,NewSale
0x64f7C019021aC74A68D90D08491Ca43b2a632E71,80253,0xbc2d6E7c81E7f35473b3594031FCC4c519fD24Ad,1,0x529f71b8285ecbabf59359e9284e98ad05e683e7,1,14960000000000000000,37648614,161354,4996411,1743127573,0xbda41375c7418e1a9836c61a3e44a4198e63f4ecf3096228ca0eb020bee931ac,NewSale
0x64f7C019021aC74A68D90D08491Ca43b2a632E71,80253,0xbc2d6E7c81E7f35473b3594031FCC4c519fD24Ad,1,0x529f71b8285ecbabf59359e9284e98ad05e683e7,1,14960000000000000000,38135418,161354,4996432,1743127615,0x65b4908faf30894b293d6b7621559f9a458170467e61fa39e7af6e5ff5a1173d,NewSale
0x64f7C019021aC74A68D90D08491Ca43b2a632E71,80253,0xbc2d6E7c81E7f35473b3594031FCC4c519fD24Ad,1,0x529f71b8285ecbabf59359e9284e98ad05e683e7,1,14960000000000000000,38255127,161354,4996455,1743127661,0x8f62661d1c74586b2d51baf7d28a9c962106aa9b51085fc7b4259f956c7942b7,NewSale
0x64f7C019021aC74A68D90D08491Ca43b2a632E71,80253,0xbc2d6E7c81E7f35473b3594031FCC4c519fD24Ad,1,0x529f71b8285ecbabf59359e9284e98ad05e683e7,1,14960000000000000000,38472535,161354,4996472,1743127695,0x9f4ad24724d509cece3a653f26eb4cf780b198172e898d1ae85306a1db77ab02,NewSale
0x610F3052957A969E69cCb20F9dB863812ed5Ad5e,80298,0xbc2d6E7c81E7f35473b3594031FCC4c519fD24Ad,0,0x49555debc46a2362578005b4948c2845e183b3cd,1,315800000000000,39530000,135790,4996488,1743127727,0x547ba67b78b810d348d89d70da9fbf5e545f65845d9378f9a09dc7aea8e3de98,NewSale
0x64f7C019021aC74A68D90D08491Ca43b2a632E71,80253,0xbc2d6E7c81E7f35473b3594031FCC4c519fD24Ad,1,0x529f71b8285ecbabf59359e9284e98ad05e683e7,1,14960000000000000000,39069188,161354,4996493,1743127737,0x1140847cf65b6c9ca0f2b0a2769f05727cb60115ae3faeae42e994b50e97f773,NewSale
0xd69bd007D646C83bc40fD98E4D3B5380EA0Ce095,79182,0xbc2d6E7c81E7f35473b3594031FCC4c519fD24Ad,1,0x790ff44266b1900a4ae03d3c0fe9697e04be917e,1,230000000000000,39183327,157678,4996519,1743127789,0x93f978d389a48c19121e4ce14e0e09b55116ddbd556f325b3159eab333db3b2e,NewSale
0x5037ec1560AA918e8f9E2405D8590F8Fd3BA6658,80071,0xbc2d6E7c81E7f35473b3594031FCC4c519fD24Ad,1,0x790ff44266b1900a4ae03d3c0fe9697e04be917e,1,219900000000000,39182356,140578,4996520,1743127791,0xd876a818982bc0a1482d1ad9f0ab649caa6e979f5254b5fe9bfcb071b7b29b5e,NewSale
0x4D8E0e3856BD4AB5D5d138Aa32378e0d26F687db,80086,0xbc2d6E7c81E7f35473b3594031FCC4c519fD24Ad,0,0x790ff44266b1900a4ae03d3c0fe9697e04be917e,1,220000000000000,39191722,140578,4996521,1743127793,0x143e224bff8ff970c6db7cc220738a3c636970eb80dadbacc9082a49fba014aa,NewSale
0x4D8E0e3856BD4AB5D5d138Aa32378e0d26F687db,80082,0xbc2d6E7c81E7f35473b3594031FCC4c519fD24Ad,0,0x790ff44266b1900a4ae03d3c0fe9697e04be917e,1,220000000000000,39172953,140578,4996522,1743127795,0x786828ded65f1b704ea472d4727ef948edfb41c1ffec55120630ebd94e99aa0f,NewSale
0x4D8E0e3856BD4AB5D5d138Aa32378e0d26F687db,80080,0xbc2d6E7c81E7f35473b3594031FCC4c519fD24Ad,1,0x790ff44266b1900a4ae03d3c0fe9697e04be917e,1,220000000000000,39128434,135778,4996523,1743127797,0xba70ea64e0b8d786265074000d06548729fa834d43f5d93f78ef987161b8abfa,NewSale
0xd69bd007D646C83bc40fD98E4D3B5380EA0Ce095,79190,0xbc2d6E7c81E7f35473b3594031FCC4c519fD24Ad,1,0x790ff44266b1900a4ae03d3c0fe9697e04be917e,1,230000000000000,39294278,140578,4996524,1743127799,0x3ec431b5fe1da13563948e0c15df7a062a402426c3888597202c4af713ac9283,NewSale
0xA334A23560c8aA3506116b5DA265752bB0f8f7e8,80299,0xbc2d6E7c81E7f35473b3594031FCC4c519fD24Ad,0,0x790ff44266b1900a4ae03d3c0fe9697e04be917e,1,190000000000000,39340427,140578,4996525,1743127801,0xf4688a0caa34a0fb04310d20435fa1d0ecc90ce9817deee28abd121ed28cdf98,NewSale
0x49555DEbC46A2362578005B4948C2845E183B3cD,80303,0xbc2d6E7c81E7f35473b3594031FCC4c519fD24Ad,0,0x610f3052957a969e69ccb20f9db863812ed5ad5e,1,315800000000000,40100000,157690,4996527,1743127805,0xbf2d17c232e55fd2c1ecea48cd0ab3019e82745518324a3f8917e4e891702f38,NewSale
0xA334A23560c8aA3506116b5DA265752bB0f8f7e8,80301,0xbc2d6E7c81E7f35473b3594031FCC4c519fD24Ad,0,0x790ff44266b1900a4ae03d3c0fe9697e04be917e,1,196000000000000,39303304,140578,4996527,1743127805,0x2b1ca6f6c3dc7a964a57e271b8c2caec08758a20940610225f0a29ff039a576d,NewSale
0xA334A23560c8aA3506116b5DA265752bB0f8f7e8,80300,0xbc2d6E7c81E7f35473b3594031FCC4c519fD24Ad,0,0x790ff44266b1900a4ae03d3c0fe9697e04be917e,1,195000000000000,39211497,135778,4996528,1743127807,0xa984d234d1ea261c84a518a1e746aff5d3e52ccbde7189b70fcb1f41e4ef9187,NewSale
0x5037ec1560AA918e8f9E2405D8590F8Fd3BA6658,80072,0xbc2d6E7c81E7f35473b3594031FCC4c519fD24Ad,1,0x790ff44266b1900a4ae03d3c0fe9697e04be917e,1,219900000000000,39203051,135778,4996529,1743127809,0x3813fb0414666de0a2991f4afcb6faced6e141807fed8e8838e31dc5053d5e86,NewSale
0xd69bd007D646C83bc40fD98E4D3B5380EA0Ce095,79194,0xbc2d6E7c81E7f35473b3594031FCC4c519fD24Ad,0,0x3946bc29197bf793cb796243109b39b019c3fc00,1,230000000000000,40220900,135766,4996558,1743127867,0x3e4fe80656dfaf475e6d778f392b98a8793c198323c84e7539b1110b8a124fca,NewSale
0x610F3052957A969E69cCb20F9dB863812ed5Ad5e,80304,0xbc2d6E7c81E7f35473b3594031FCC4c519fD24Ad,0,0x49555debc46a2362578005b4948c2845e183b3cd,1,315800000000000,40170000,135790,4996562,1743127875,0xc5d2ac3e3ad275cb8f5891c83049116a1a941a7b951622027b9afa496132ef3a,NewSale
0x64f7C019021aC74A68D90D08491Ca43b2a632E71,80253,0xbc2d6E7c81E7f35473b3594031FCC4c519fD24Ad,1,0x529f71b8285ecbabf59359e9284e98ad05e683e7,1,14960000000000000000,39023486,161354,4996578,1743127907,0xa55eb314b385353262b709149a14de85915d85022da6bb02f2f36901133e46bc,NewSale
0x4AbDa1163392c73E2B13f467503818dDcffD5e5E,79282,0xbc2d6E7c81E7f35473b3594031FCC4c519fD24Ad,1,0x5f64e6ae87c8a35d57f045129f1c90b2aad4d9a6,1,249900000000000,40060000,152878,4996584,1743127919,0x15156219a17d2003fb7848d3e24e8db13153246a90d1f2a6eeb94fd2f106da44,NewSale
0x64f7C019021aC74A68D90D08491Ca43b2a632E71,80253,0xbc2d6E7c81E7f35473b3594031FCC4c519fD24Ad,1,0x529f71b8285ecbabf59359e9284e98ad05e683e7,1,14960000000000000000,39569940,154943,4996591,1743127933,0x034a8554d204814f86aab152d6b8321471f51f2084a98d294cc2fa94be3390af,NewSale
0x49555DEbC46A2362578005B4948C2845E183B3cD,80307,0xbc2d6E7c81E7f35473b3594031FCC4c519fD24Ad,0,0x610f3052957a969e69ccb20f9db863812ed5ad5e,1,315800000000000,40230000,157690,4996595,1743127941,0xb9b4d3bffe442da31a78f74d01e27ac85d65fe975326ea6d058ede8f7146bcee,NewSale
0x529F71B8285ECbabF59359e9284E98AD05e683E7,80305,0xbc2d6E7c81E7f35473b3594031FCC4c519fD24Ad,1,0x64f7c019021ac74a68d90d08491ca43b2a632e71,1,15000000000000000000,39663605,178454,4996620,1743127991,0x8fb5c2a48374fd94a64ce95066db2c1db4a2626208d436a599888ad0205e8e88,NewSale
0x2B1Ea5532209a62F9FDBEdAEcF7c688D0DA49E06,79285,0xbc2d6E7c81E7f35473b3594031FCC4c519fD24Ad,1,0x5f64e6ae87c8a35d57f045129f1c90b2aad4d9a6,1,249900000000000,40520000,135778,4996626,1743128003,0x13e49fa2015f5d57e37764bc777955d73ee81ea397e7981e79653739610d1c58,NewSale
0xd69bd007D646C83bc40fD98E4D3B5380EA0Ce095,79201,0xbc2d6E7c81E7f35473b3594031FCC4c519fD24Ad,1,0xa334a23560c8aa3506116b5da265752bb0f8f7e8,1,230000000000000,39910714,152878,4996639,1743128029,0x06e72673389ebb018881b2f58a19995c59cb2f482e78d74bce9bfb9437316bb8,NewSale
0x529F71B8285ECbabF59359e9284E98AD05e683E7,80305,0xbc2d6E7c81E7f35473b3594031FCC4c519fD24Ad,1,0x64f7c019021ac74a68d90d08491ca43b2a632e71,1,15000000000000000000,39912392,161354,4996640,1743128031,0xae173edae26e554aad3c104e22c6e4b7b2409479b2e4e0d7bcf9f6fda89faef1,NewSale
0x529F71B8285ECbabF59359e9284E98AD05e683E7,80305,0xbc2d6E7c81E7f35473b3594031FCC4c519fD24Ad,1,0x64f7c019021ac74a68d90d08491ca43b2a632e71,1,15000000000000000000,40025493,161354,4996660,1743128071,0x8640f3f1047dbce2f41fc02381d3368bc4172de75ff6d7f0594c99647dbb5d7d,NewSale
0x9dDB6a5E08F1B66Cc59fd9f1c42a6c320CfD2425,79173,0xbc2d6E7c81E7f35473b3594031FCC4c519fD24Ad,1,0x790ff44266b1900a4ae03d3c0fe9697e04be917e,1,249000000000000,40046785,135778,4996662,1743128075,0xb0afe87c3f0c72420f22d2038ac55f58791d84d60b6720719384adcad7c125ac,NewSale
0x610F3052957A969E69cCb20F9dB863812ed5Ad5e,80310,0xbc2d6E7c81E7f35473b3594031FCC4c519fD24Ad,0,0x49555debc46a2362578005b4948c2845e183b3cd,1,315800000000000,40960000,135790,4996669,1743128089,0x78ea2d5877fae0a67df5e8ea1a2e5db6f04035cc468d1ab9470026534164401b,NewSale
0x529F71B8285ECbabF59359e9284E98AD05e683E7,80305,0xbc2d6E7c81E7f35473b3594031FCC4c519fD24Ad,1,0x64f7c019021ac74a68d90d08491ca43b2a632e71,1,15000000000000000000,39582206,161354,4996680,1743128111,0xed878518d8b7222c8ff566d2bc6553dc0e88b3c8bf92066b1ca723df8077a62a,NewSale
0x6b5E2d4E3eA7deAB1EBC3c5ac0460bD04f54BA65,79212,0xbc2d6E7c81E7f35473b3594031FCC4c519fD24Ad,1,0x790ff44266b1900a4ae03d3c0fe9697e04be917e,1,249000000000000,39718271,135778,4996682,1743128115,0xddb2a10377d08e7854f9aa23f90699c0adae7c5bc2bc4873fffe79ef4ec6e9c1,NewSale
0xa8FC57290182Ef26BBF018c9e5c3231277F9AffD,79180,0xbc2d6E7c81E7f35473b3594031FCC4c519fD24Ad,1,0x790ff44266b1900a4ae03d3c0fe9697e04be917e,1,249000000000000,39725342,135778,4996683,1743128117,0x466f45bb68a381d5bba4451ec2e87186a7ded8ed7c53246ba9db708cf0a27c37,NewSale
0x529F71B8285ECbabF59359e9284E98AD05e683E7,80305,0xbc2d6E7c81E7f35473b3594031FCC4c519fD24Ad,1,0x64f7c019021ac74a68d90d08491ca43b2a632e71,1,15000000000000000000,39887907,161354,4996701,1743128153,0x7f27fbd4cad649844837d43bbeefa8e0a32aa565a861dc4e5f787faa75a90b4c,NewSale
0x2147B3D092697A3103308eC78e510E08F1E53E5A,79249,0xbc2d6E7c81E7f35473b3594031FCC4c519fD24Ad,1,0x5f64e6ae87c8a35d57f045129f1c90b2aad4d9a6,1,249000000000000,40890000,135778,4996709,1743128169,0xb8546ff4f859923d6a28df2dabfb3501fbd72c3dd262e992428c4a602acaea98,NewSale
0x49555DEbC46A2362578005B4948C2845E183B3cD,80315,0xbc2d6E7c81E7f35473b3594031FCC4c519fD24Ad,0,0x610f3052957a969e69ccb20f9db863812ed5ad5e,1,315800000000000,40590000,157690,4996711,1743128173,0x32302119b2801f479c93dd57670e24406037a4e5fb8017e5ba51475691678403,NewSale
0x529F71B8285ECbabF59359e9284E98AD05e683E7,80305,0xbc2d6E7c81E7f35473b3594031FCC4c519fD24Ad,1,0x64f7c019021ac74a68d90d08491ca43b2a632e71,1,15000000000000000000,39874926,161354,4996721,1743128193,0xa5b312b88eabc42e00d6e395644d6e317171bb0fb1f38485c2ecc0627d821986,NewSale
0xeF0Ef28b882d166B732d00A01Ea762B9CCd3FE44,80308,0xbc2d6E7c81E7f35473b3594031FCC4c519fD24Ad,1,0xe6be0e25048be4ba9ff363469bc5966131fd88d6,1,230000000000000,40930000,159289,4996731,1743128213,0xad66ab3da1c8c689c51710e49427b30249a96b86dbd0390b5c3b0e23e39164fe,NewSale
0x529F71B8285ECbabF59359e9284E98AD05e683E7,80305,0xbc2d6E7c81E7f35473b3594031FCC4c519fD24Ad,1,0x64f7c019021ac74a68d90d08491ca43b2a632e71,1,15000000000000000000,40164068,161354,4996742,1743128235,0x4bfb246f94a9e5082c3e002d69c9c8a961be9caccdeaef15e58d6ad2c0a3a8e4,NewSale
0x529F71B8285ECbabF59359e9284E98AD05e683E7,80305,0xbc2d6E7c81E7f35473b3594031FCC4c519fD24Ad,1,0x64f7c019021ac74a68d90d08491ca43b2a632e71,1,15000000000000000000,40069514,161354,4996762,1743128275,0x566d2e9b9e88356d6a7abdf39e7dac9f652debe25864b1de7377a5f81f86b4f1,NewSale
0xeF0Ef28b882d166B732d00A01Ea762B9CCd3FE44,80308,0xbc2d6E7c81E7f35473b3594031FCC4c519fD24Ad,1,0xe6be0e25048be4ba9ff363469bc5966131fd88d6,1,230000000000000,41160000,142189,4996783,1743128317,0x9fb3d33508ea4d7285b7df8d131ce6a22b824df3bfd144021268cca676efbdd4,NewSale
0x529F71B8285ECbabF59359e9284E98AD05e683E7,80305,0xbc2d6E7c81E7f35473b3594031FCC4c519fD24Ad,1,0x64f7c019021ac74a68d90d08491ca43b2a632e71,1,15000000000000000000,40727634,161354,4996783,1743128317,0x6358dd4f8513199c64d0949665d6b722ad74c65a5e0e68001356cace3e91316b,NewSale
0x610F3052957A969E69cCb20F9dB863812ed5Ad5e,80309,0xbc2d6E7c81E7f35473b3594031FCC4c519fD24Ad,0,0x49555debc46a2362578005b4948c2845e183b3cd,1,315800000000000,41810000,135790,4996803,1743128357,0x3f2b745d92ebddc07a4935ae17caab20ae139fc70d1a68f7bc544dddf04e3a27,NewSale
0x529F71B8285ECbabF59359e9284E98AD05e683E7,80305,0xbc2d6E7c81E7f35473b3594031FCC4c519fD24Ad,1,0x64f7c019021ac74a68d90d08491ca43b2a632e71,1,15000000000000000000,41095467,161354,4996803,1743128357,0x540616440208e34b7cb639a0437cf4221c01289b32706d511b345feb5782ad90,NewSale
0xbAa9672503be4067CCc6eBB08BEe52af3e0b3b4C,80293,0x2Bf46D4497e98FbA2304B0d2453922FFf559Ea02,0,0xe111f614f321959d39e9959ac8cc94954fdbbc10,1,599900000000000,40941881,164783,4996822,1743128395,0x30213c7dbbeccaee77918c73cb025f441c2846f74e10c615c1a66484ec7aa62e,NewSale
0x529F71B8285ECbabF59359e9284E98AD05e683E7,80305,0xbc2d6E7c81E7f35473b3594031FCC4c519fD24Ad,1,0x64f7c019021ac74a68d90d08491ca43b2a632e71,1,15000000000000000000,40850256,161354,4996823,1743128397,0x6819452f4833a4ee9451192d5d3fb3c5af975fcd8622c4f8a67cf02dfbd294dd,NewSale
0xeF0Ef28b882d166B732d00A01Ea762B9CCd3FE44,80308,0xbc2d6E7c81E7f35473b3594031FCC4c519fD24Ad,1,0xe6be0e25048be4ba9ff363469bc5966131fd88d6,1,230000000000000,41890000,142189,4996836,1743128423,0x88e5baac48192c887f33613ef211fbc33831d863cc72b934dabc4e78750d4047,NewSale
0x529F71B8285ECbabF59359e9284E98AD05e683E7,80305,0xbc2d6E7c81E7f35473b3594031FCC4c519fD24Ad,1,0x64f7c019021ac74a68d90d08491ca43b2a632e71,1,15000000000000000000,40737920,161354,4996844,1743128439,0x571ae713e8de3caf9d0743de1ef29cc2520c85a7e1da82bf30eea20092a7bcd3,NewSale
0x49555DEbC46A2362578005B4948C2845E183B3cD,80326,0xbc2d6E7c81E7f35473b3594031FCC4c519fD24Ad,0,0x610f3052957a969e69ccb20f9db863812ed5ad5e,1,315800000000000,41710000,157690,4996848,1743128447,0xb73e6e4ffe943c27b8b729e1e80c884d0c349b372391f8b1f905401f44cd6e27,NewSale
0x529F71B8285ECbabF59359e9284E98AD05e683E7,80305,0xbc2d6E7c81E7f35473b3594031FCC4c519fD24Ad,1,0x64f7c019021ac74a68d90d08491ca43b2a632e71,1,15000000000000000000,40751093,161354,4996864,1743128479,0x22fcefdb9aadf91c8060996d94f63aff9e64ceaa1462e26bfa97f7bb74f77f4a,NewSale
0x529F71B8285ECbabF59359e9284E98AD05e683E7,80305,0xbc2d6E7c81E7f35473b3594031FCC4c519fD24Ad,1,0x64f7c019021ac74a68d90d08491ca43b2a632e71,1,15000000000000000000,40531682,161354,4996884,1743128519,0xa3902e0f5c0c2d46733582793af99f1b83168853900b44827b1b880e6b7f5e80,NewSale
0xeF0Ef28b882d166B732d00A01Ea762B9CCd3FE44,80308,0xbc2d6E7c81E7f35473b3594031FCC4c519fD24Ad,1,0xe6be0e25048be4ba9ff363469bc5966131fd88d6,1,230000000000000,41630000,142189,4996885,1743128521,0x826e5f1d669fa4ffc2e18f7200eaef252398ae42daeeb1aaa922accc1d27a50e,NewSale
0x610F3052957A969E69cCb20F9dB863812ed5Ad5e,80327,0xbc2d6E7c81E7f35473b3594031FCC4c519fD24Ad,0,0x49555debc46a2362578005b4948c2845e183b3cd,1,315800000000000,41290000,135790,4996902,1743128555,0xfea2c429823c50474fd8ebe50129d271ef44a513e810268d352c339235eb45f6,NewSale
0x529F71B8285ECbabF59359e9284E98AD05e683E7,80305,0xbc2d6E7c81E7f35473b3594031FCC4c519fD24Ad,1,0x64f7c019021ac74a68d90d08491ca43b2a632e71,1,15000000000000000000,40045133,159743,4996905,1743128561,0x1645ff9aa43fc15e0785af48c5bfac6fa9e65ba513d6485810a3f57dc1ae4b78,NewSale
0x80fe121B69163E17bd4e9CC573652e29E48fa4ae,80278,0xbc2d6E7c81E7f35473b3594031FCC4c519fD24Ad,1,0x64f7c019021ac74a68d90d08491ca43b2a632e71,1,19200000000000000000,39738664,161366,4996925,1743128601,0xe9b895f618340b5987fd7d7a0c23896527db6e1a8556210f1948c570ce77a52b,NewSale
0x49555DEbC46A2362578005B4948C2845E183B3cD,80329,0xbc2d6E7c81E7f35473b3594031FCC4c519fD24Ad,0,0x610f3052957a969e69ccb20f9db863812ed5ad5e,1,315800000000000,40680000,157690,4996935,1743128621,0x6c1cd0a24f5215d1d3a503dc81461d5b9023d786762693e84d6024f67fb5e35f,NewSale
0x610F3052957A969E69cCb20F9dB863812ed5Ad5e,80331,0xbc2d6E7c81E7f35473b3594031FCC4c519fD24Ad,0,0x49555debc46a2362578005b4948c2845e183b3cd,1,315800000000000,41240000,135790,4996970,1743128691,0x5f87e166c969e2674f9862d93926d729306f0eb45f0d753e4faac71f4ea7d9a8,NewSale
0x1F79D3Ffe7e41E2f134Ecb9E5C6B56532c26aC72,80328,0xdc0F91C5a4D200FfC21658901c77c0fE1A14d199,0,0xfa6d619f52bc1c0f7a2881b0d4ecd79016f1d62a,1,510000000000000,40377189,162483,4996980,1743128711,0x9de166ef6db1e63300625e110eda11b402b1225592bfd012d5cc956a6791ddb4,NewSale
0x49555DEbC46A2362578005B4948C2845E183B3cD,80333,0xbc2d6E7c81E7f35473b3594031FCC4c519fD24Ad,0,0x610f3052957a969e69ccb20f9db863812ed5ad5e,1,315800000000000,41920000,157690,4997000,1743128751,0x8b3dd9fcbe95bc0bf5289ac4d3933b700f033fd683372cc4819001c0dae43f11,NewSale
0xeF0Ef28b882d166B732d00A01Ea762B9CCd3FE44,80308,0xbc2d6E7c81E7f35473b3594031FCC4c519fD24Ad,1,0x564ba1e901ea04d4dea8b38fc1dc19ca3e278f00,1,230000000000000,41001561,159277,4997016,1743128783,0x2a9ab1fdc2f10485ec235b91d30d378576d261cac3097927757835e1b2b85307,NewSale
0x610F3052957A969E69cCb20F9dB863812ed5Ad5e,80337,0xbc2d6E7c81E7f35473b3594031FCC4c519fD24Ad,0,0x49555debc46a2362578005b4948c2845e183b3cd,1,315800000000000,41850000,135790,4997028,1743128807,0x566d96dd7ad82ae15288978596f72deb49671503185fb10aa9e48e864fe72291,NewSale
0xeF0Ef28b882d166B732d00A01Ea762B9CCd3FE44,80308,0xbc2d6E7c81E7f35473b3594031FCC4c519fD24Ad,1,0x564ba1e901ea04d4dea8b38fc1dc19ca3e278f00,1,230000000000000,40765158,142177,4997030,1743128811,0xe86448239987925c91a22bcf8498cb0d2957905391d7ae620ec875356dcbb60d,NewSale
0x49555DEbC46A2362578005B4948C2845E183B3cD,80342,0xbc2d6E7c81E7f35473b3594031FCC4c519fD24Ad,0,0x610f3052957a969e69ccb20f9db863812ed5ad5e,1,315800000000000,41630000,157690,4997061,1743128873,0xd3d9550a50ec059e358e71fa073ac34010734ae5fdabc97835ea76c05d24df47,NewSale
0xeF0Ef28b882d166B732d00A01Ea762B9CCd3FE44,80308,0xbc2d6E7c81E7f35473b3594031FCC4c519fD24Ad,1,0x564ba1e901ea04d4dea8b38fc1dc19ca3e278f00,1,230000000000000,41393936,142177,4997062,1743128875,0x614869960bc46b4e026082de06d446edbc4bd4a77dac940747cf0130cd39d593,NewSale
0x610F3052957A969E69cCb20F9dB863812ed5Ad5e,80347,0xbc2d6E7c81E7f35473b3594031FCC4c519fD24Ad,0,0x49555debc46a2362578005b4948c2845e183b3cd,1,315800000000000,42410000,135790,4997089,1743128929,0x64a12b134eebd598547685c4199830b8d2129e841e9db6818ab6d83e390929cd,NewSale
0xED1c001bD2aFdd8976fe7AC91AD4A64C17195868,80335,0xbc2d6E7c81E7f35473b3594031FCC4c519fD24Ad,0,0x6050569ea1f0ddce8f99e12b44f1aa2e1d97870c,1,200000000000000,42180000,140578,4997133,1743129017,0xc975709e77fef27c15dba1b318320e9ec565302d3fcb5d21dc720bfbeeeed0d4,NewSale
0x64f7C019021aC74A68D90D08491Ca43b2a632E71,80351,0xbc2d6E7c81E7f35473b3594031FCC4c519fD24Ad,1,0x529f71b8285ecbabf59359e9284e98ad05e683e7,1,16000000000000000000,41161583,161354,4997145,1743129041,0x7f677f701355d9232babc7ba6d971ef62208900e2dee5aab44ce2221ff708d03,NewSale
0xED1c001bD2aFdd8976fe7AC91AD4A64C17195868,80334,0xbc2d6E7c81E7f35473b3594031FCC4c519fD24Ad,0,0x97d5883c3b2a09e4d59c471dec7cea6557fffb15,1,200000000000000,42240045,140578,4997148,1743129047,0x0f2d500027696a40f8be50460912f23a13e533239fff46a2940fcbb16b20976c,NewSale
0xED1c001bD2aFdd8976fe7AC91AD4A64C17195868,80346,0xbc2d6E7c81E7f35473b3594031FCC4c519fD24Ad,0,0x6050569ea1f0ddce8f99e12b44f1aa2e1d97870c,1,200000000000000,41990000,140578,4997148,1743129047,0x99d1a7e5a5354db562b375b156382c78e61c8b2d50a5ccf30339599465294f82,NewSale
0x64f7C019021aC74A68D90D08491Ca43b2a632E71,80351,0xbc2d6E7c81E7f35473b3594031FCC4c519fD24Ad,1,0x529f71b8285ecbabf59359e9284e98ad05e683e7,1,16000000000000000000,41411171,161354,4997165,1743129081,0x1180cc5d30f5ba34b190063cb54d7113a630f2951b53441dabb6fb8814fd0770,NewSale
0xED1c001bD2aFdd8976fe7AC91AD4A64C17195868,80343,0xbc2d6E7c81E7f35473b3594031FCC4c519fD24Ad,0,0x6050569ea1f0ddce8f99e12b44f1aa2e1d97870c,1,200000000000000,42270000,140578,4997181,1743129113,0xcf9561d6d50d201dbda108d6fb77e19ce6759fac5a4b4038bc01603968f16da0,NewSale
0x64f7C019021aC74A68D90D08491Ca43b2a632E71,80351,0xbc2d6E7c81E7f35473b3594031FCC4c519fD24Ad,1,0x529f71b8285ecbabf59359e9284e98ad05e683e7,1,16000000000000000000,41425846,161354,4997186,1743129123,0x9cfe8a961c76396ad4965bacef99c483ace305e2e752089a5bfad8cf914007aa,NewSale
0x64f7C019021aC74A68D90D08491Ca43b2a632E71,80351,0xbc2d6E7c81E7f35473b3594031FCC4c519fD24Ad,1,0x529f71b8285ecbabf59359e9284e98ad05e683e7,1,16000000000000000000,41601195,161354,4997206,1743129163,0x30ffb4248454b69da159563746e5a06705c2ac4e09f10355171ab32b99b50f4a,NewSale
0x64f7C019021aC74A68D90D08491Ca43b2a632E71,80351,0xbc2d6E7c81E7f35473b3594031FCC4c519fD24Ad,1,0x529f71b8285ecbabf59359e9284e98ad05e683e7,1,16000000000000000000,41267465,161354,4997227,1743129205,0x2115cf81a8c0bc82f2630de668aa0df34e2a379071bd1abddf34f31f7f210433,NewSale
0xED1c001bD2aFdd8976fe7AC91AD4A64C17195868,80338,0xbc2d6E7c81E7f35473b3594031FCC4c519fD24Ad,0,0x97d5883c3b2a09e4d59c471dec7cea6557fffb15,1,200000000000000,41715283,140578,4997242,1743129235,0x0050177ef243b796384521b1240fa1e0fed84c017b4a3a86291d112c4366104c,NewSale
0x64f7C019021aC74A68D90D08491Ca43b2a632E71,80351,0xbc2d6E7c81E7f35473b3594031FCC4c519fD24Ad,1,0x529f71b8285ecbabf59359e9284e98ad05e683e7,1,16000000000000000000,41659307,161354,4997247,1743129245,0xade84c18daa424f3572237066c1c0e1b513de0aed8277d39d4dcc15d1eaaadf8,NewSale
0x64f7C019021aC74A68D90D08491Ca43b2a632E71,80351,0xbc2d6E7c81E7f35473b3594031FCC4c519fD24Ad,1,0x529f71b8285ecbabf59359e9284e98ad05e683e7,1,16000000000000000000,41311373,161354,4997267,1743129285,0x2d436855131b3011fbcdab3bf8da0268fa1ef5eb5274e3fd26bcff73cfca25c5,NewSale
0xED1c001bD2aFdd8976fe7AC91AD4A64C17195868,80341,0xbc2d6E7c81E7f35473b3594031FCC4c519fD24Ad,0,0x6050569ea1f0ddce8f99e12b44f1aa2e1d97870c,1,200000000000000,42370000,140578,4997272,1743129295,0xe26bdaf16f26e61162ae2ca227745161da27550914810af2fa980dfe59fe874e,NewSale
0x564bA1e901EA04D4DEa8B38fc1DC19CA3e278f00,80358,0xbc2d6E7c81E7f35473b3594031FCC4c519fD24Ad,0,0x78f9bc3bb1126e4e3ac0d786acf3e88b233df542,1,300000000000000,42139231,157690,4997274,1743129299,0x3bbdd4c48140d2b25dc611a5b09225c7fbe7b0827120b0f5ffe94708638dabf9,NewSale
0xED1c001bD2aFdd8976fe7AC91AD4A64C17195868,80339,0xbc2d6E7c81E7f35473b3594031FCC4c519fD24Ad,0,0x6050569ea1f0ddce8f99e12b44f1aa2e1d97870c,1,200000000000000,41920000,135778,4997286,1743129323,0x8774f5ab4c01eefefba5dfaee3060ef488b4fbe91eb50c384e7a35f3f5c3db34,NewSale
0x64f7C019021aC74A68D90D08491Ca43b2a632E71,80351,0xbc2d6E7c81E7f35473b3594031FCC4c519fD24Ad,1,0x529f71b8285ecbabf59359e9284e98ad05e683e7,1,16000000000000000000,40841840,161354,4997288,1743129327,0x08ad3041ff657ed175d56ee85c400f53c37fa4162920e7c7b58cda4c193e01e9,NewSale
0x64f7C019021aC74A68D90D08491Ca43b2a632E71,80351,0xbc2d6E7c81E7f35473b3594031FCC4c519fD24Ad,1,0x529f71b8285ecbabf59359e9284e98ad05e683e7,1,16000000000000000000,40833527,161354,4997308,1743129367,0x28542b4b7a7acc2d455690e4ec0ead9fee9184a8e96ccf6cfa45037e101b10ae,NewSale
0x5474a93c5b263AEB095cb283785E75FcE39e2e9a,80348,0xbc2d6E7c81E7f35473b3594031FCC4c519fD24Ad,0,0x97d5883c3b2a09e4d59c471dec7cea6557fffb15,1,340000000000000,41011049,135790,4997310,1743129371,0xd68d11376c74914c9249f7e3da2eab0f7142dccd43d48daf3b3a35124229f943,NewSale
0xA334A23560c8aA3506116b5DA265752bB0f8f7e8,80312,0xbc2d6E7c81E7f35473b3594031FCC4c519fD24Ad,1,0x6050569ea1f0ddce8f99e12b44f1aa2e1d97870c,1,228000000000000,41940000,135778,4997317,1743129385,0x7e2b14711e4b9b1f7be0f14ce1aa5297023218af45ae27bc83085dbccf06a3c3,NewSale
0xFA6d619f52bc1C0f7A2881b0D4Ecd79016F1D62A,80361,0xdc0F91C5a4D200FfC21658901c77c0fE1A14d199,0,0xb48960fe13ad996ba58cdf0797f94591887e2a43,1,500000000000000,41660000,167283,4997325,1743129401,0xc0bab99110ebcbe8d11e06ee04f2c3f59d54d4aee22f883385064bd6bb54f4e5,NewSale
0x64f7C019021aC74A68D90D08491Ca43b2a632E71,80351,0xbc2d6E7c81E7f35473b3594031FCC4c519fD24Ad,1,0x529f71b8285ecbabf59359e9284e98ad05e683e7,1,16000000000000000000,40588198,161354,4997328,1743129407,0x4057b20d35ff4c859d5d3a76f3b093d1e7651cefa35803f143376244886f0c95,NewSale
0xeF0Ef28b882d166B732d00A01Ea762B9CCd3FE44,80308,0xbc2d6E7c81E7f35473b3594031FCC4c519fD24Ad,1,0x6050569ea1f0ddce8f99e12b44f1aa2e1d97870c,1,230000000000000,41560000,142189,4997333,1743129417,0xafaba85d6bfca220fa33df7b47388a81c5999f9aedcfc7b5ff0b566a27b63b86,NewSale
0xeF0Ef28b882d166B732d00A01Ea762B9CCd3FE44,80308,0xbc2d6E7c81E7f35473b3594031FCC4c519fD24Ad,1,0x6050569ea1f0ddce8f99e12b44f1aa2e1d97870c,1,230000000000000,41330000,142189,4997347,1743129445,0x84affbb6040e0efe04b22bf8e6688ae4a90c29f07dd83491913cf0de9fb84d76,NewSale
0x64f7C019021aC74A68D90D08491Ca43b2a632E71,80351,0xbc2d6E7c81E7f35473b3594031FCC4c519fD24Ad,1,0x529f71b8285ecbabf59359e9284e98ad05e683e7,1,16000000000000000000,40363261,161354,4997349,1743129449,0xba5b540d0b64565360c85061a2b1fd9d70bf15c85db102405c71d1c38678169b,NewSale
0x6ab1C7f08b449aCc589A421b4470a4805a54211b,79219,0xbc2d6E7c81E7f35473b3594031FCC4c519fD24Ad,1,0x32099df1b3320bc4c6adb63ebb81a516c0c5737d,1,249000000000000,41295718,135778,4997368,1743129487,0xb761e4a7efe88103774adab1fd0b3cd75a0c9ce7f2b87fe3a49f63cf2e2efdf8,NewSale
0x64f7C019021aC74A68D90D08491Ca43b2a632E71,80351,0xbc2d6E7c81E7f35473b3594031FCC4c519fD24Ad,1,0x529f71b8285ecbabf59359e9284e98ad05e683e7,1,16000000000000000000,40293621,161354,4997369,1743129489,0x97dcede9453576a9fb7a8cb7d55e72e2a7a901f50fd42bfc8586985df5d1e772,NewSale
0x64f7C019021aC74A68D90D08491Ca43b2a632E71,80351,0xbc2d6E7c81E7f35473b3594031FCC4c519fD24Ad,1,0x529f71b8285ecbabf59359e9284e98ad05e683e7,1,16000000000000000000,40477520,161354,4997389,1743129529,0x2c3d6cb51de0cf0d70d4b1298b27aa13a082af531d15c6540cb2420b6d85b2c7,NewSale
0x64f7C019021aC74A68D90D08491Ca43b2a632E71,80351,0xbc2d6E7c81E7f35473b3594031FCC4c519fD24Ad,1,0x529f71b8285ecbabf59359e9284e98ad05e683e7,1,16000000000000000000,40250713,161354,4997410,1743129571,0xae191c4a1078cad30e561767793a7c0d14fd51a3ca91b965647ba449e6baf9e8,NewSale
0x564bA1e901EA04D4DEa8B38fc1DC19CA3e278f00,80369,0xbc2d6E7c81E7f35473b3594031FCC4c519fD24Ad,1,0x97d5883c3b2a09e4d59c471dec7cea6557fffb15,1,300000000000000,40248518,157690,4997416,1743129583,0xd079a4cb1251b69c8a6234619bc47bbd9a69a11ffffd020dea540e85a9f141c8,NewSale
0x64f7C019021aC74A68D90D08491Ca43b2a632E71,80351,0xbc2d6E7c81E7f35473b3594031FCC4c519fD24Ad,1,0x529f71b8285ecbabf59359e9284e98ad05e683e7,1,16000000000000000000,40206325,161354,4997430,1743129611,0x69948dbe3ec274d76ccf3ddb3372c6a2064a45c69848d622e843ade8171cd7a3,NewSale
0x64f7C019021aC74A68D90D08491Ca43b2a632E71,80351,0xbc2d6E7c81E7f35473b3594031FCC4c519fD24Ad,1,0x529f71b8285ecbabf59359e9284e98ad05e683e7,1,16000000000000000000,40203244,154943,4997450,1743129651,0x9a3d6011c8be4dfbf54dfeba3e42858c1fc0d3464975a1bfe03e99510b7ce325,NewSale
0xe111f614F321959d39e9959Ac8cc94954fDBbc10,80336,0x2Bf46D4497e98FbA2304B0d2453922FFf559Ea02,37,0x3946bc29197bf793cb796243109b39b019c3fc00,1,450000000000000,41060046,162471,4997485,1743129721,0x114f3696089b5bb85c28b04216ed57c1af087f7f780416c5276da3a36777d4d4,NewSale
0xeF0Ef28b882d166B732d00A01Ea762B9CCd3FE44,80308,0xbc2d6E7c81E7f35473b3594031FCC4c519fD24Ad,1,0xe5aacf73f2b028c9c2f24cddc0dc87ceb53ecb45,1,230000000000000,40071304,157678,4997490,1743129731,0xd2aaa2a389ae70e39be73b2e3496f4e75e98837d98560f186e79ec6ec9eae10d,NewSale
0x2fB23175ab62Df815Da0f6a474AF46959239A762,79292,0xbc2d6E7c81E7f35473b3594031FCC4c519fD24Ad,1,0x5f64e6ae87c8a35d57f045129f1c90b2aad4d9a6,1,249900000000000,40990000,135778,4997498,1743129747,0x5490c1fde85ccf1fb5a9ffd6eeee8f6fafbdc6639046aaafb6eb282ab425725b,NewSale
0x564bA1e901EA04D4DEa8B38fc1DC19CA3e278f00,80370,0xbc2d6E7c81E7f35473b3594031FCC4c519fD24Ad,1,0xacc5eff89c368a2a584958ffdb6aedbc95d7cbbe,1,300000000000000,40550146,157690,4997516,1743129783,0x9001abe713a4b1390e4f62ef9a28e187a749907deaa97e5404b50f011bf90268,NewSale
0xe111f614F321959d39e9959Ac8cc94954fDBbc10,80340,0x2Bf46D4497e98FbA2304B0d2453922FFf559Ea02,51,0xfce8bb866c46ef053c14ec6cae2c8922cec217ed,1,450000000000000,39521014,162483,4997522,1743129795,0xd791f03bc99c79b4493e99af03ce2a2b5dde72fb2d1703c3250ef041c2aee71f,NewSale
0x97d5883c3B2A09e4D59c471DeC7cEA6557fFFB15,80376,0xbc2d6E7c81E7f35473b3594031FCC4c519fD24Ad,1,0x5f64e6ae87c8a35d57f045129f1c90b2aad4d9a6,1,100000000000000,40520000,135778,4997526,1743129803,0x47415d9d5a800f5bcdf0f6b798680533fcebb4447e63618d5da71b4be9b91009,NewSale
0x97d5883c3B2A09e4D59c471DeC7cEA6557fFFB15,80377,0xbc2d6E7c81E7f35473b3594031FCC4c519fD24Ad,0,0x1d85481ccfb9001d9216229109019085e2e1c8b7,1,100000000000000,40181101,140566,4997542,1743129835,0x6ad097c0d0d1f7aa2236d87e7240248624956819ebc41717c1ef78ed8d563209,NewSale
0x20683b7398f3E5CAd97Fe6317D85e8AC2Fd7f124,80380,0xdc0F91C5a4D200FfC21658901c77c0fE1A14d199,0,0x9ea3b46ee2c29fad7abf4083909a3bbf332bb6a6,1,500000000000000,38714306,162483,4997570,1743129891,0xb1af322ae36e55c1ee4525108d59fbe645a8c55179f3890751644eac050badf7,NewSale
0xeF0Ef28b882d166B732d00A01Ea762B9CCd3FE44,80363,0xbc2d6E7c81E7f35473b3594031FCC4c519fD24Ad,1,0x841576963b6a6822ef2d29b07458ea270abb0dc1,1,230000000000000,39735489,142189,4997571,1743129893,0x191d8ffb0827c4104851acebd8a4aacb2159d50287628050b4ad7a9a3086dacf,NewSale
0x529F71B8285ECbabF59359e9284E98AD05e683E7,80389,0xbc2d6E7c81E7f35473b3594031FCC4c519fD24Ad,1,0x64f7c019021ac74a68d90d08491ca43b2a632e71,1,15300000000000000000,38658515,178454,4997575,1743129901,0xf71b6246a69fc56f65abef9ea02553045c75171a419f779927b7d08728bc6ee2,NewSale
0x529F71B8285ECbabF59359e9284E98AD05e683E7,80389,0xbc2d6E7c81E7f35473b3594031FCC4c519fD24Ad,1,0x64f7c019021ac74a68d90d08491ca43b2a632e71,1,15300000000000000000,38283332,161354,4997595,1743129941,0x394cd6e951eaa8d2f0565bc497aadc7e8726e755ab67ad681281409dc9b063e5,NewSale
0x97d5883c3B2A09e4D59c471DeC7cEA6557fFFB15,80379,0xbc2d6E7c81E7f35473b3594031FCC4c519fD24Ad,0,0x1d85481ccfb9001d9216229109019085e2e1c8b7,1,100000000000000,39078307,140566,4997606,1743129963,0x039933edc9ff4691a24cf622cfae2a2de5bce1caef38f42587c74ab6116174c0,NewSale
0x564bA1e901EA04D4DEa8B38fc1DC19CA3e278f00,80354,0xbc2d6E7c81E7f35473b3594031FCC4c519fD24Ad,0,0x78f9bc3bb1126e4e3ac0d786acf3e88b233df542,1,300000000000000,39078307,140590,4997606,1743129963,0xeaf507b38b3598aaaa3f2667446e40cf15c6fac66778733d56577d5aabc6d314,NewSale
0x529F71B8285ECbabF59359e9284E98AD05e683E7,80389,0xbc2d6E7c81E7f35473b3594031FCC4c519fD24Ad,1,0x64f7c019021ac74a68d90d08491ca43b2a632e71,1,15300000000000000000,38198740,161354,4997615,1743129981,0x2bb74d16222d73376f35b097b1638439dd50df2638d6fbf8c878c92017869e92,NewSale
0x529F71B8285ECbabF59359e9284E98AD05e683E7,80389,0xbc2d6E7c81E7f35473b3594031FCC4c519fD24Ad,1,0x64f7c019021ac74a68d90d08491ca43b2a632e71,1,15300000000000000000,38035390,161354,4997636,1743130023,0xf6a6faa08f5408114158d1dc199370ce8fcb55c4fc6d48fbb8e6cbba34dc38f1,NewSale
0x529F71B8285ECbabF59359e9284E98AD05e683E7,80389,0xbc2d6E7c81E7f35473b3594031FCC4c519fD24Ad,1,0x64f7c019021ac74a68d90d08491ca43b2a632e71,1,15300000000000000000,37624353,161354,4997656,1743130063,0x1dccd7b699ec8b5387757bf50043015a8b371aa5af9c2cf34a51481edf506194,NewSale
0x529F71B8285ECbabF59359e9284E98AD05e683E7,80389,0xbc2d6E7c81E7f35473b3594031FCC4c519fD24Ad,1,0x64f7c019021ac74a68d90d08491ca43b2a632e71,1,15300000000000000000,37922970,161354,4997677,1743130105,0xef5add74667bb913998d086789c1ddd0a325c0bcf5fb5ece3e89e042c9abbef2,NewSale
0x529F71B8285ECbabF59359e9284E98AD05e683E7,80389,0xbc2d6E7c81E7f35473b3594031FCC4c519fD24Ad,1,0x64f7c019021ac74a68d90d08491ca43b2a632e71,1,15300000000000000000,38141228,161354,4997697,1743130145,0x927e14a44264d2413c850f033416c23904cb7e3ddfc16db22d745c8c7cd6638b,NewSale
0x529F71B8285ECbabF59359e9284E98AD05e683E7,80389,0xbc2d6E7c81E7f35473b3594031FCC4c519fD24Ad,1,0x64f7c019021ac74a68d90d08491ca43b2a632e71,1,15300000000000000000,38442389,161354,4997717,1743130185,0x6cf2c65fdbd3eea1aedd0a317f41ff401977986904b4422f434fa7b2fd330bc5,NewSale
0x529F71B8285ECbabF59359e9284E98AD05e683E7,80389,0xbc2d6E7c81E7f35473b3594031FCC4c519fD24Ad,1,0x64f7c019021ac74a68d90d08491ca43b2a632e71,1,15300000000000000000,38372914,161354,4997738,1743130227,0x20d9906af44e674251517764d9dfd11242286fed9b9b40c69c3ca0d4756d3869,NewSale
0x529F71B8285ECbabF59359e9284E98AD05e683E7,80389,0xbc2d6E7c81E7f35473b3594031FCC4c519fD24Ad,1,0x64f7c019021ac74a68d90d08491ca43b2a632e71,1,15300000000000000000,39341758,161354,4997758,1743130267,0xb4c253d79d611d0d60ce5744df5d67832222d97bb9174a51d6a582117c6551ad,NewSale
0x20683b7398f3E5CAd97Fe6317D85e8AC2Fd7f124,80391,0xbc2d6E7c81E7f35473b3594031FCC4c519fD24Ad,0,0x78f9bc3bb1126e4e3ac0d786acf3e88b233df542,1,100000000000000,40486888,135778,4997763,1743130277,0xc6ee1020abcd31cc67c8311ff1c2949e802afc2343c73068c1e8af46b11fe51a,NewSale
0x564bA1e901EA04D4DEa8B38fc1DC19CA3e278f00,80365,0xbc2d6E7c81E7f35473b3594031FCC4c519fD24Ad,0,0xbf9f1b90066f43d59e4f4d061fc838e4fddcfe31,1,300000000000000,40478712,140590,4997769,1743130289,0x93944059d2a2ca67eb06f838ed209b7aa6084e93a37121697aaa93ea9d7195e7,NewSale
0x529F71B8285ECbabF59359e9284E98AD05e683E7,80389,0xbc2d6E7c81E7f35473b3594031FCC4c519fD24Ad,1,0x64f7c019021ac74a68d90d08491ca43b2a632e71,1,15300000000000000000,39566852,161354,4997779,1743130309,0x774bcae48bd35acb1915cb7804f9899e8fbf222c2239998b02c9b37330c1ef04,NewSale
0x529F71B8285ECbabF59359e9284E98AD05e683E7,80389,0xbc2d6E7c81E7f35473b3594031FCC4c519fD24Ad,1,0x64f7c019021ac74a68d90d08491ca43b2a632e71,1,15300000000000000000,39429416,161354,4997799,1743130349,0x9591db7fc55d4593ad327539941f0ec5afd9452c58a0fe7adba63e89b83b417c,NewSale
0x529F71B8285ECbabF59359e9284E98AD05e683E7,80389,0xbc2d6E7c81E7f35473b3594031FCC4c519fD24Ad,1,0x64f7c019021ac74a68d90d08491ca43b2a632e71,1,15300000000000000000,39058534,161354,4997819,1743130389,0xd24fc8ec7a6ee3b8db64ca27d4da14924272e0a8ed767686882b0bac2918d04b,NewSale
0xfA330C8845e702A088236D2b4Ea8Aa2e0fAc9855,80398,0xbc2d6E7c81E7f35473b3594031FCC4c519fD24Ad,0,0xcf4d11423fb2e75d92b704f678b6be1fa427c022,1,1300000000000000,40028230,152890,4997828,1743130407,0xb0a3729b25dc5679d0c1daf422f4cf40f0a7822cd8d92414072ac27d3c14c34e,NewSale
0x529F71B8285ECbabF59359e9284E98AD05e683E7,80389,0xbc2d6E7c81E7f35473b3594031FCC4c519fD24Ad,1,0x64f7c019021ac74a68d90d08491ca43b2a632e71,1,15300000000000000000,38868274,161354,4997839,1743130429,0xa9d7d11bae875215ba37a880a94481046d63b2be7eb440b1da933d8fb60e3d48,NewSale
0x529F71B8285ECbabF59359e9284E98AD05e683E7,80389,0xbc2d6E7c81E7f35473b3594031FCC4c519fD24Ad,1,0x64f7c019021ac74a68d90d08491ca43b2a632e71,1,15300000000000000000,38895387,161354,4997860,1743130471,0xd947a3d7d6f92ff1a13560058fe4eabcd362968d5aa33a761be07d1756e8bda2,NewSale
0x529F71B8285ECbabF59359e9284E98AD05e683E7,80389,0xbc2d6E7c81E7f35473b3594031FCC4c519fD24Ad,1,0x64f7c019021ac74a68d90d08491ca43b2a632e71,1,15300000000000000000,39233192,161354,4997880,1743130511,0x28b904f23cd3d3cba6d0065a151fa1b3b27f4c162a25c4478496fd05ba153f50,NewSale
0x529F71B8285ECbabF59359e9284E98AD05e683E7,80389,0xbc2d6E7c81E7f35473b3594031FCC4c519fD24Ad,1,0x64f7c019021ac74a68d90d08491ca43b2a632e71,1,15300000000000000000,39880050,159743,4997900,1743130551,0x2acbd6b9454194701cf71ac06b8e36527836b8b78a944fd044a596a7d0146195,NewSale
0x80fe121B69163E17bd4e9CC573652e29E48fa4ae,80278,0xbc2d6E7c81E7f35473b3594031FCC4c519fD24Ad,1,0x64f7c019021ac74a68d90d08491ca43b2a632e71,1,19200000000000000000,40530736,161366,4997920,1743130591,0x52f754b8354fc7abeb78ed16048afcafd6037bfc7621dadbbccb2f7c79f0d2e6,NewSale
0x97d5883c3B2A09e4D59c471DeC7cEA6557fFFB15,80384,0xbc2d6E7c81E7f35473b3594031FCC4c519fD24Ad,0,0x49d4910f071eebb5d394d607ba2057ee665385f9,1,100000000000000,41730000,140566,4997934,1743130619,0xae74ed2e03d99a2483d9dd6baa2d8e0767171c38214f650505753d3e7ece1c50,NewSale
0xf3fc7730BF75975A916428d69DD20FBe35A20fc9,80392,0xbc2d6E7c81E7f35473b3594031FCC4c519fD24Ad,0,0x49d4910f071eebb5d394d607ba2057ee665385f9,1,229999990000000,43480000,140590,4997973,1743130697,0x943c5857435c88aa7d2ce793a9b366da0066f7c169b884e9cd2a4aeecc077966,NewSale
0x529F71B8285ECbabF59359e9284E98AD05e683E7,80106,0xbc2d6E7c81E7f35473b3594031FCC4c519fD24Ad,0,0x1e892233459c4f96b9bafd13947f75ebf96410ae,1,18000000000000000000,44770000,175743,4998005,1743130761,0x7033ffedb89829a66840dc4ae384c569209792d388a7511834170edde6ff74a8,NewSale
0x64f7C019021aC74A68D90D08491Ca43b2a632E71,80414,0xbc2d6E7c81E7f35473b3594031FCC4c519fD24Ad,1,0x1e892233459c4f96b9bafd13947f75ebf96410ae,1,16200000000000000000,45540000,182154,4998036,1743130823,0xdad063d98e4e376e99befac0ceb5e14d98d44b33885408de3ee3d221d39de2cf,NewSale
0x564bA1e901EA04D4DEa8B38fc1DC19CA3e278f00,80372,0xbc2d6E7c81E7f35473b3594031FCC4c519fD24Ad,1,0x49d4910f071eebb5d394d607ba2057ee665385f9,1,300000000000000,46690000,152890,4998073,1743130897,0xa2064419be46ff0db62b90635311c14c4ee5467975efa6c1c26ab2d2c608cf50,NewSale
0x64f7C019021aC74A68D90D08491Ca43b2a632E71,80414,0xbc2d6E7c81E7f35473b3594031FCC4c519fD24Ad,1,0x529f71b8285ecbabf59359e9284e98ad05e683e7,1,16200000000000000000,45973155,161354,4998074,1743130899,0x27bcbb65baba18e370962219dc98200fe49a28107ce134382c3ec87736f9633f,NewSale
0x64f7C019021aC74A68D90D08491Ca43b2a632E71,80414,0xbc2d6E7c81E7f35473b3594031FCC4c519fD24Ad,1,0x529f71b8285ecbabf59359e9284e98ad05e683e7,1,16200000000000000000,46457398,161354,4998095,1743130941,0x997115c294d30a3515ef2ad0e5d7db9fef4481d97e3d81cc69a7d4e9fabb3eb3,NewSale
0xeF0Ef28b882d166B732d00A01Ea762B9CCd3FE44,80363,0xbc2d6E7c81E7f35473b3594031FCC4c519fD24Ad,1,0xe5aacf73f2b028c9c2f24cddc0dc87ceb53ecb45,1,230000000000000,47271321,142189,4998112,1743130975,0x1e611670a3d49e330666df46e73eae68954574598cb9071675c3865b49ca1042,NewSale
0x64f7C019021aC74A68D90D08491Ca43b2a632E71,80414,0xbc2d6E7c81E7f35473b3594031FCC4c519fD24Ad,1,0x529f71b8285ecbabf59359e9284e98ad05e683e7,1,16200000000000000000,47423488,161354,4998115,1743130981,0x7967e27111406dfc8c8cba3a4bb61542742e7f00b098dbf7e78782000c7b4fa8,NewSale
0x64f7C019021aC74A68D90D08491Ca43b2a632E71,80414,0xbc2d6E7c81E7f35473b3594031FCC4c519fD24Ad,1,0x529f71b8285ecbabf59359e9284e98ad05e683e7,1,16200000000000000000,47531592,161354,4998136,1743131023,0xa86834b9cff2aa893ec6540b384004b5424abdd06ba0e456de2674db19cdcee4,NewSale
0x97d5883c3B2A09e4D59c471DeC7cEA6557fFFB15,80386,0xbc2d6E7c81E7f35473b3594031FCC4c519fD24Ad,0,0xe5aacf73f2b028c9c2f24cddc0dc87ceb53ecb45,1,100000000000000,47617783,135778,4998148,1743131047,0x1be0edf727772e8de7079791d9a69b5d9bca1ec45708f5752ff96cd18428f63d,NewSale
0x64f7C019021aC74A68D90D08491Ca43b2a632E71,80414,0xbc2d6E7c81E7f35473b3594031FCC4c519fD24Ad,1,0x529f71b8285ecbabf59359e9284e98ad05e683e7,1,16200000000000000000,47577998,161354,4998157,1743131065,0x67dd84e5ed86bcd0eaabb37e9c35d5965fec41217420224bcb731498e1e04758,NewSale
0x64f7C019021aC74A68D90D08491Ca43b2a632E71,80414,0xbc2d6E7c81E7f35473b3594031FCC4c519fD24Ad,1,0x1e892233459c4f96b9bafd13947f75ebf96410ae,1,16200000000000000000,48570000,165054,4998161,1743131073,0x638fcb684df626c69a3b8818c2e133f917a684a9396f36f8f122021fde96e987,NewSale
0x4A6c0e9A45FD8203cEFE649bA7D61247a0aDA4CB,80424,0xbc2d6E7c81E7f35473b3594031FCC4c519fD24Ad,0,0xe5aacf73f2b028c9c2f24cddc0dc87ceb53ecb45,1,100000000000000,47658238,135778,4998164,1743131079,0x7c5f3233d5b479c3c22b02174b7703a0d4f7786b3ed712c37c3b1c574f3cbbce,NewSale
0x64f7C019021aC74A68D90D08491Ca43b2a632E71,80414,0xbc2d6E7c81E7f35473b3594031FCC4c519fD24Ad,1,0x1e892233459c4f96b9bafd13947f75ebf96410ae,1,16200000000000000000,48630000,165054,4998177,1743131105,0x1f3611041d45e386a59d5324d41dc871b33d82171e7fb006786b07cac3acf17f,NewSale
0x64f7C019021aC74A68D90D08491Ca43b2a632E71,80414,0xbc2d6E7c81E7f35473b3594031FCC4c519fD24Ad,1,0x529f71b8285ecbabf59359e9284e98ad05e683e7,1,16200000000000000000,47488963,161354,4998177,1743131105,0x4efca2141d3da796c232942bce02995bd159fe226d8a80f1988648207bf30274,NewSale
0x64f7C019021aC74A68D90D08491Ca43b2a632E71,80414,0xbc2d6E7c81E7f35473b3594031FCC4c519fD24Ad,1,0x1e892233459c4f96b9bafd13947f75ebf96410ae,1,16200000000000000000,48580000,165054,4998193,1743131137,0x1dc089b99b9bdec4b7ec2d73cd138b76ef6d58a96cf37fa4d705e32bfb879eb4,NewSale
0xe5aAcF73f2B028C9C2f24cddc0dC87ceb53ECB45,80415,0xbc2d6E7c81E7f35473b3594031FCC4c519fD24Ad,1,0x5c6fe2fd93a5dd69e1023ae2a76069b45e4dbfda,1,210000000000000,48542942,157678,4998196,1743131143,0x4500d37da38627750b518e676d7cde0c135d71bb58992cfe24185e62e930ffcd,NewSale
0xeF0Ef28b882d166B732d00A01Ea762B9CCd3FE44,80363,0xbc2d6E7c81E7f35473b3594031FCC4c519fD24Ad,1,0xe5aacf73f2b028c9c2f24cddc0dc87ceb53ecb45,1,230000000000000,47280657,142189,4998201,1743131153,0xa7152e026423dfc5260b52d58212b22a554cacd7f4404a0104f1a43dbffca835,NewSale
0x64f7C019021aC74A68D90D08491Ca43b2a632E71,80414,0xbc2d6E7c81E7f35473b3594031FCC4c519fD24Ad,1,0x1e892233459c4f96b9bafd13947f75ebf96410ae,1,16200000000000000000,48470000,165054,4998218,1743131187,0x4a7b9f8aae33c94ce3853379ff2c5ff4fc168894831c4347aeb9a085f5dd86fb,NewSale
0x64f7C019021aC74A68D90D08491Ca43b2a632E71,80414,0xbc2d6E7c81E7f35473b3594031FCC4c519fD24Ad,1,0x1e892233459c4f96b9bafd13947f75ebf96410ae,1,16200000000000000000,48490000,165054,4998232,1743131215,0xd2dee12d1b585c3b41072a3fa85bb1e127dbc9ced366062e866a525f34f4f2dc,NewSale
0xeF0Ef28b882d166B732d00A01Ea762B9CCd3FE44,80363,0xbc2d6E7c81E7f35473b3594031FCC4c519fD24Ad,1,0xd2f52d97a963e1cd15c249575f13f6c83edd4ded,1,230000000000000,48750000,159289,4998239,1743131229,0xc0ec203eda726b66b49a7ed455b14de0bcb770196ecfd2d46bc7e7f1f195e49a,NewSale
0x64f7C019021aC74A68D90D08491Ca43b2a632E71,80414,0xbc2d6E7c81E7f35473b3594031FCC4c519fD24Ad,1,0x1e892233459c4f96b9bafd13947f75ebf96410ae,1,16200000000000000000,48750000,165054,4998247,1743131245,0x7be189ae31b64e14a01a25a58ab66fcea50f8be92a1efadd79d2c7b4d201b3de,NewSale
0x64f7C019021aC74A68D90D08491Ca43b2a632E71,80414,0xbc2d6E7c81E7f35473b3594031FCC4c519fD24Ad,1,0x1e892233459c4f96b9bafd13947f75ebf96410ae,1,16200000000000000000,49130000,165054,4998263,1743131277,0xf28fff759bfc570c7bc774c6f3e6dd9b424c9a75f7fa7233d00b5cc3f06ed883,NewSale
0xeF0Ef28b882d166B732d00A01Ea762B9CCd3FE44,80363,0xbc2d6E7c81E7f35473b3594031FCC4c519fD24Ad,1,0x504a81b79d2ad552380d0e80bb9ebba01d9601d4,1,230000000000000,49690925,159289,4998269,1743131289,0xf3ebc887624fca147c163e46ebc28dd669d676ebb0eacd6ad7efc83cbfa97f3b,NewSale
0xeF0Ef28b882d166B732d00A01Ea762B9CCd3FE44,80363,0xbc2d6E7c81E7f35473b3594031FCC4c519fD24Ad,1,0xd2f52d97a963e1cd15c249575f13f6c83edd4ded,1,230000000000000,49560000,142189,4998277,1743131305,0x0eac97328b9f5a744a86d5b517a0ffedad9ad438a1f996245b81e6f261b6f0f3,NewSale
0x64f7C019021aC74A68D90D08491Ca43b2a632E71,80414,0xbc2d6E7c81E7f35473b3594031FCC4c519fD24Ad,1,0x1e892233459c4f96b9bafd13947f75ebf96410ae,1,16200000000000000000,49560000,160254,4998281,1743131313,0x877ee0a221514478be0a9f7c90106528ae681ac83ebc61dc4c54fb6beb87fc05,NewSale
0xeF0Ef28b882d166B732d00A01Ea762B9CCd3FE44,80363,0xbc2d6E7c81E7f35473b3594031FCC4c519fD24Ad,1,0x504a81b79d2ad552380d0e80bb9ebba01d9601d4,1,230000000000000,49917811,142189,4998288,1743131327,0xfa9bed5ad3d98aa236152c0e0515d61ba2f8b9ea286c2de66f8da3138891d4af,NewSale
0xeF0Ef28b882d166B732d00A01Ea762B9CCd3FE44,80363,0xbc2d6E7c81E7f35473b3594031FCC4c519fD24Ad,1,0x504a81b79d2ad552380d0e80bb9ebba01d9601d4,1,230000000000000,50159283,142189,4998307,1743131365,0xa54fdc1cfccb49ca1509a51bd80fa2d127040c434923bdb979d768a431c7d289,NewSale
0xeF0Ef28b882d166B732d00A01Ea762B9CCd3FE44,80419,0xbc2d6E7c81E7f35473b3594031FCC4c519fD24Ad,1,0xd2f52d97a963e1cd15c249575f13f6c83edd4ded,1,245000000000000,50110000,142189,4998331,1743131413,0x2f33b1a057588d4ace63a6132447016f75426dfacde94b017441c4f97bc68bd4,NewSale
0xeF0Ef28b882d166B732d00A01Ea762B9CCd3FE44,80363,0xbc2d6E7c81E7f35473b3594031FCC4c519fD24Ad,1,0xd2f52d97a963e1cd15c249575f13f6c83edd4ded,1,230000000000000,49810000,142189,4998369,1743131489,0x6553740de96df8aaf36aafeb46186a725bce1ca21d5764c2d0b2f620bf771187,NewSale
0x230bFf75310590b1Ac4B5Fd4fb34A7cee8282Ea9,80429,0x6aD26D68bFf8cAD6bAaeA257832854e58B08150E,9,0x375698627024301af38d9f5554011c89dba8f765,1,55000000000000000000,49770300,182130,4998382,1743131515,0xe556e1f306fcf6bebd330f3d42d60ea89856e2fc168fc089ba347824e1d727ee,NewSale
0x6dEEef8baaF97582514d19FD72B49858eB14dFFe,79066,0xbc2d6E7c81E7f35473b3594031FCC4c519fD24Ad,1,0x931c78a4cb43a4bd417e2c7aa9f53459ef664478,1,249900000000000,48759578,152878,4998385,1743131521,0x769767f0d2fa65623e8bd96eb1111c24affc9a21d784d303446b986953a90c58,NewSale
0xeF0Ef28b882d166B732d00A01Ea762B9CCd3FE44,80419,0xbc2d6E7c81E7f35473b3594031FCC4c519fD24Ad,1,0xd2f52d97a963e1cd15c249575f13f6c83edd4ded,1,245000000000000,49270000,142189,4998417,1743131585,0x6b145a31d919a3c340df5c38546f1d2b38c8caa82b401eb8a072520cba4590f2,NewSale
0x349A4E10C7dA57b67A1FCFFc60A8f31aecC99C4b,79253,0xbc2d6E7c81E7f35473b3594031FCC4c519fD24Ad,1,0x931c78a4cb43a4bd417e2c7aa9f53459ef664478,1,249900000000000,47485646,135778,4998432,1743131615,0xa20613c439aa6473503047aefea814c7c75bdf389325284fd9dfda438a2bfd33,NewSale
0x4e7d23e1bA3d9ba0C3Ad5073CF7ed467F1fB0975,79227,0xbc2d6E7c81E7f35473b3594031FCC4c519fD24Ad,1,0x931c78a4cb43a4bd417e2c7aa9f53459ef664478,1,249900000000000,47528147,135778,4998433,1743131617,0x9bf93b7d7dd6c82ce1ecc82d140a0f23d031d8e0d74043feb989a72ca2634543,NewSale
0x1a730d23ef826eCCb6ff949949d7C660713A36F8,79092,0xbc2d6E7c81E7f35473b3594031FCC4c519fD24Ad,1,0x931c78a4cb43a4bd417e2c7aa9f53459ef664478,1,249900000000000,47281846,135778,4998438,1743131627,0x9298dfa968314cbec97e18a30af1743c89942a48f639a436335859932578e137,NewSale
0x9C09161ed810f9640A87736857853cc279B67A42,79210,0xbc2d6E7c81E7f35473b3594031FCC4c519fD24Ad,1,0x931c78a4cb43a4bd417e2c7aa9f53459ef664478,1,249900000000000,47277272,135778,4998440,1743131631,0x5a98f7fab4eb78e5c3ae487329b31f0237bcb4dd22c3e4bbcc29c947d362f8aa,NewSale
0xeF0Ef28b882d166B732d00A01Ea762B9CCd3FE44,80363,0xbc2d6E7c81E7f35473b3594031FCC4c519fD24Ad,1,0xd2f52d97a963e1cd15c249575f13f6c83edd4ded,1,230000000000000,48020000,140578,4998474,1743131699,0xf910c43de232134a7dbd2b184462bec9d829a7e4e043d1a33a508aacffe82ea8,NewSale
0xC0DEc165A5d6e6766Fbc35c977f89535899D0411,77663,0xbc2d6E7c81E7f35473b3594031FCC4c519fD24Ad,0,0x5f64e6ae87c8a35d57f045129f1c90b2aad4d9a6,1,249999950000000,46890000,142201,4998530,1743131811,0xac7ad70ce0dcd47e23e93b39bc3062ad46add314dd6cc9b2df1f7807a39ea6ab,NewSale
0x504a81B79D2aD552380d0E80BB9EBba01d9601D4,80439,0xbc2d6E7c81E7f35473b3594031FCC4c519fD24Ad,1,0xd2f52d97a963e1cd15c249575f13f6c83edd4ded,1,200000000000000,46890000,140578,4998535,1743131821,0xba82261641fe497e2cb383bd48bd77debfc65da90a062b8e99a777c3e0aebcaf,NewSale
0x504a81B79D2aD552380d0E80BB9EBba01d9601D4,80438,0xbc2d6E7c81E7f35473b3594031FCC4c519fD24Ad,1,0xd2f52d97a963e1cd15c249575f13f6c83edd4ded,1,230000000000000,46460000,140578,4998574,1743131899,0x98d04424917e4d7b878c83c3137a0132cdcbb0899a1314ac013f5ce5ba2d0002,NewSale
0xf3A6519335dBC8315539e748060919489c03C8c2,79274,0xbc2d6E7c81E7f35473b3594031FCC4c519fD24Ad,1,0x931c78a4cb43a4bd417e2c7aa9f53459ef664478,1,249900000000000,45279008,135778,4998575,1743131901,0x05b7c9826f97ef9cc4ece39f0e37b6debd3039d4af2ca7492d67279880d696ac,NewSale
0x6fFB078FD2121bfaB1Ad54EBc16cAef02EC99F14,79042,0xbc2d6E7c81E7f35473b3594031FCC4c519fD24Ad,1,0x931c78a4cb43a4bd417e2c7aa9f53459ef664478,1,249900000000000,45252318,135778,4998576,1743131903,0xce158584863dd20656326e7ae5831f6e1b57fd0d5930f3c84d2d92c48678b273,NewSale
0xf02cA8a517B3Ee40332e71c6885E6a93D57CA8b6,79260,0xbc2d6E7c81E7f35473b3594031FCC4c519fD24Ad,1,0x931c78a4cb43a4bd417e2c7aa9f53459ef664478,1,249900000000000,45229184,135778,4998578,1743131907,0xb0456462eeb1cf603d7cc26c3250cc66e075d5ebf9afcf266f441e9e9a31a7d1,NewSale
0x504a81B79D2aD552380d0E80BB9EBba01d9601D4,80446,0xbc2d6E7c81E7f35473b3594031FCC4c519fD24Ad,1,0xd2f52d97a963e1cd15c249575f13f6c83edd4ded,1,220000000000000,45940000,135778,4998599,1743131949,0x96d98cb4975f05f01390e53b9737b2f6aae450e6510c397df18cfc0a2bafa303,NewSale
0xeF0Ef28b882d166B732d00A01Ea762B9CCd3FE44,80419,0xbc2d6E7c81E7f35473b3594031FCC4c519fD24Ad,1,0x504a81b79d2ad552380d0e80bb9ebba01d9601d4,1,245000000000000,45988950,159289,4998622,1743131995,0xead7c8dd3930d0d26882296f999a7742b064b51b57beedb3343cea7362d70b52,NewSale
0xeF0Ef28b882d166B732d00A01Ea762B9CCd3FE44,80419,0xbc2d6E7c81E7f35473b3594031FCC4c519fD24Ad,1,0xd2f52d97a963e1cd15c249575f13f6c83edd4ded,1,245000000000000,45850000,142189,4998648,1743132047,0x516480c41b5779fbe62dda132769357315554c3392283d2fc6c2f73d056eb90b,NewSale
0xeF0Ef28b882d166B732d00A01Ea762B9CCd3FE44,80419,0xbc2d6E7c81E7f35473b3594031FCC4c519fD24Ad,1,0x504a81b79d2ad552380d0e80bb9ebba01d9601d4,1,245000000000000,45911112,142189,4998651,1743132053,0x5ef61fb7c30dda5ccd5259d3700431c57bd5ea854957da3201adf83c6c599d5c,NewSale
0xC0DEc165A5d6e6766Fbc35c977f89535899D0411,77663,0xbc2d6E7c81E7f35473b3594031FCC4c519fD24Ad,0,0x8248d298c1d144f0e8dabc21cfd935aed14b8636,1,249999950000000,45647529,142201,4998699,1743132149,0x96aee26ff3295514d9eb66ee1ea0c9a55fe3d3c1bbc8a1ca7af9f84ab31c4774,NewSale
0x539fB596ed0EB52E94793382F588d45BE2A9e68c,80306,0xbc2d6E7c81E7f35473b3594031FCC4c519fD24Ad,1,0x2168577af945529fc223e3a2f6d55cc68d8f294a,1,320000000000000,44902429,157678,4998728,1743132207,0x79315d633a46333f40d2f211c365c467f3b47b990490a4d08a7a4e1e10e26fec,NewSale
0x539fB596ed0EB52E94793382F588d45BE2A9e68c,80434,0xbc2d6E7c81E7f35473b3594031FCC4c519fD24Ad,1,0x2168577af945529fc223e3a2f6d55cc68d8f294a,1,320000000000000,44524821,140578,4998753,1743132257,0x704f6d212a4ccf948fb6fb4de88f03875d8fbca40a04e6fd3e6bc736ba4d63be,NewSale
0x539fB596ed0EB52E94793382F588d45BE2A9e68c,80437,0xbc2d6E7c81E7f35473b3594031FCC4c519fD24Ad,1,0x2168577af945529fc223e3a2f6d55cc68d8f294a,1,320000000000000,44256651,140578,4998769,1743132289,0xf053630c26f3b21bd152adec6d8fba8f6b2693cd531da53ff51e761aee7df230,NewSale
0xC0DEc165A5d6e6766Fbc35c977f89535899D0411,77663,0xbc2d6E7c81E7f35473b3594031FCC4c519fD24Ad,0,0x8248d298c1d144f0e8dabc21cfd935aed14b8636,1,249999950000000,45253202,142201,4998790,1743132331,0xf93eeb36ed3bcdb5e8e79c194a2e4c5732f3723f2f7767aaaf5d23618eec0016,NewSale
0x539fB596ed0EB52E94793382F588d45BE2A9e68c,80441,0xbc2d6E7c81E7f35473b3594031FCC4c519fD24Ad,1,0x2168577af945529fc223e3a2f6d55cc68d8f294a,1,320000000000000,44225391,140578,4998791,1743132333,0xa32d07f850122ca674d7031a6ce6011f7719b06431280248bdb7c46c40023489,NewSale
