listing_creator,listing_id,asset_contract,token_id,buyer,quantity_bought,total_price_paid,gas_price,gas_used,block_number,timestamp,transaction_hash,event_type
0x5BaC4631f43a159A20b3A56fAbb23690B911F8d5,81207,0xbc2d6E7c81E7f35473b3594031FCC4c519fD24Ad,0,0xe0f9e6b8b1d03d97e341da01fda313dfdc290872,1,260000000000000,86870000,140578,5009278,1743153307,0xcce7362126d35888bb48d8378b23ae2a1367d835409a7d2e5d9497e6cca5f26d,NewSale
0x2286A6A665172c739986D0C27e713E9a9EC42265,81208,0xbc2d6E7c81E7f35473b3594031FCC4c519fD24Ad,0,0x676000c8574b9d026882cddf4c6dfe7707eabd30,1,260000000000000,86870000,140566,5009279,1743153309,0x51964333a44fe0b2bec1dce08598385190d71b2d11e32ad6bd027133da078e56,NewSale
0xeF0Ef28b882d166B732d00A01Ea762B9CCd3FE44,81680,0xbc2d6E7c81E7f35473b3594031FCC4c519fD24Ad,1,0x5a9a679b451df760587c582a9eff59c33269efc5,1,245000000000000,86870000,142189,5009280,1743153311,0x77e87bb90805830679ff574034bd1f8dc5ccf686790a5ceb0c7d50cb8c2fb814,NewSale
0x811747bA2c6a65254Bb6f91c7f1393da012c7C3e,81682,0xbc2d6E7c81E7f35473b3594031FCC4c519fD24Ad,1,0xbf962909435c99c96707da7206de2ae10cb24cdd,1,249900000000000,86870000,135778,5009281,1743153313,0x7a40f68aece88c44ff56dd82a5aaacb055466b19b2df68b43ddcc70dc6296da2,NewSale
0xC0DEc165A5d6e6766Fbc35c977f89535899D0411,77663,0xbc2d6E7c81E7f35473b3594031FCC4c519fD24Ad,0,0x7c21b9488bad1c1f3fc941878c0971ff6f88a556,1,249999950000000,86870000,142201,5009282,1743153315,0x4a14d1b310ce6a13449580c5e5681c7b4e29716741da0af65dd60b9fea7041fd,NewSale
0xf6df8a6CA227DEAc07CA3BaaA3BDC59Ebb30880b,81685,0xEB255E4669Da7FeEf1F746a5a778b4e08b65a1A7,0,0x115cb14afca2f78e1f4848c056f01f1e891a21e4,1,300000000000000,86120000,162483,5009293,1743153337,0x0665f7fb8f6d3c0029f6d6cb473f5f0da905d5e23716bab1f8e27e199ab8e5fa,NewSale
0x9C6A751c9D94C42fE01b323cbDC4A86Cf3b078b7,81686,0xbc2d6E7c81E7f35473b3594031FCC4c519fD24Ad,0,0xc9ef4fc1ef86fe1cbe583ede24c272ca96a07d52,1,200000000000000,85697958,157678,5009335,1743153421,0xe93fda9cb1cc252b00337014a7146fab204ac0b534c5a7fc9c8945982943925d,NewSale
0xD8cE63094EE560d42F523Aa5e6e400F83c688F9d,81088,0xbc2d6E7c81E7f35473b3594031FCC4c519fD24Ad,0,0x86e17ea9debca8c8f7a5b4009f9c37fe8d97f323,1,250000000000000,85054958,140566,5009362,1743153475,0xb4bd006ce7341225ff81439d261334ce2949d05d4bdbe1b5f4d01b15d5e8c8e9,NewSale
0x115cB14aFca2f78E1f4848c056f01f1e891a21e4,81692,0xEB255E4669Da7FeEf1F746a5a778b4e08b65a1A7,0,0xe6efd4b748af7108386f97114bf3a9d4977d08b5,1,300000000000000,84860000,162483,5009366,1743153483,0x24911ec328d9603237caa12dab5cde3fdeb1a60f9a6fb9f98f83d5f29456aa22,NewSale
0xc799DD327b5D6c6E4Ed5bbEC510b49A1ce4bB6d7,81687,0xbc2d6E7c81E7f35473b3594031FCC4c519fD24Ad,0,0xcd1578221057466fb249d247144104ecd3cde6c8,1,200000000000000,85010000,157678,5009370,1743153491,0x04187d35ac47a7cbf2352757c1deaf7d47bf4c5470a5768a61a424cc97a90de8,NewSale
0x14710C4Fd97C5ABd2d591C500f6099a4a42B5DaE,81625,0xdc0F91C5a4D200FfC21658901c77c0fE1A14d199,0,0x15808491667d8d61bee6cd522a509f61534a60bf,1,590000000000000,85122777,150183,5009386,1743153523,0x6250d9bdf63f8cb8c7420d0a3691c4f27b2dbc71e357d9646369ece78d691e6d,NewSale
0x80fe121B69163E17bd4e9CC573652e29E48fa4ae,80886,0xbc2d6E7c81E7f35473b3594031FCC4c519fD24Ad,0,0x3f48a6f656c229118e6dfbb88fd68bd13741af32,1,19500000000000000000,86000000,165066,5009392,1743153535,0xb952d47ca452835f9150961ea54c2f3cc3947e9b6ecc1c8b70659f6be9fc85ac,NewSale
0x8cd9cCCd82e80CD589248676f22e12c00A5d631b,81707,0xbc2d6E7c81E7f35473b3594031FCC4c519fD24Ad,1,0x64f7c019021ac74a68d90d08491ca43b2a632e71,1,1200000000000000,83859532,172031,5009396,1743153543,0xf003498401b52df659fad3d5f2f19834af15b4914fdfe77683b99d07e7c05921,NewSale
0x1F2d0195C25b8B3BB2805508A6e75e933a36b58B,81206,0xbc2d6E7c81E7f35473b3594031FCC4c519fD24Ad,0,0x86e17ea9debca8c8f7a5b4009f9c37fe8d97f323,1,260000000000000,85238564,135766,5009410,1743153571,0xf904521e05f57310ac053c8d05e62ea0f557749630054f829bc8f5eda5394093,NewSale
0x2065b7a05102C48A44CB985a1E1f466ac9cEE08C,80125,0xbc2d6E7c81E7f35473b3594031FCC4c519fD24Ad,0,0x86e17ea9debca8c8f7a5b4009f9c37fe8d97f323,1,260000000000000,84485622,140566,5009434,1743153619,0x94ed3b9e6343e75ef57d81f5343a4bf4ff2441a97f697d4b0456ad849fbcd93d,NewSale
0xE6EFd4b748Af7108386f97114Bf3a9D4977D08B5,81717,0xEB255E4669Da7FeEf1F746a5a778b4e08b65a1A7,0,0xf3886263056a9aa11abd547e388688070732a42d,1,300000000000000,84610000,162483,5009451,1743153653,0xd971f51e445688681882b5cb1a6e2b091e0c4cac6ee30bd3037c1a7fc888a961,NewSale
0xCb0cf72d68028C0b4D11ABE1CfB9739eec7bB26a,81144,0xbc2d6E7c81E7f35473b3594031FCC4c519fD24Ad,0,0x86e17ea9debca8c8f7a5b4009f9c37fe8d97f323,1,260000000000000,85030496,135766,5009471,1743153693,0xde674c3907308d60e6fbe3d0028abd620fb8195342281192e5f8b708f78b09e5,NewSale
0x14710C4Fd97C5ABd2d591C500f6099a4a42B5DaE,81599,0xdc0F91C5a4D200FfC21658901c77c0fE1A14d199,0,0xe2d15e539a4a5775591594594bb3ff98bd3a62d2,1,600000000000000,85308760,145383,5009478,1743153707,0x328e8648a93e215836820dca346953d6e2000803bf537cc8dddecf6bd91b3149,NewSale
0x791079A39f1bAa594F845Cf1879d2435C1D76645,81739,0xbc2d6E7c81E7f35473b3594031FCC4c519fD24Ad,1,0x64f7c019021ac74a68d90d08491ca43b2a632e71,1,120000000000000,84217895,172031,5009498,1743153747,0xfd095051b9f0b4d376efc97b147cbcfd772d0df98659c507a3d62ded93b61916,NewSale
0xE2ED076bd3a197fF4411C926b9308814eFbc9878,81215,0xbc2d6E7c81E7f35473b3594031FCC4c519fD24Ad,0,0x86e17ea9debca8c8f7a5b4009f9c37fe8d97f323,1,260000000000000,84213263,140566,5009530,1743153811,0x57d23c0120220b7980868ecc4841e7fcff8748fdc233572aee660e8df84f1a1d,NewSale
0x5e2F9d9759410b71CB684861617d3D2Af23375c1,81728,0xbc2d6E7c81E7f35473b3594031FCC4c519fD24Ad,0,0x80fe121b69163e17bd4e9cc573652e29e48fa4ae,1,10000000000000000000,84132439,163443,5009539,1743153829,0x623da803171000e67d193d951cb8ec714cbe141565d93cb3e3c81e7f763bb6f1,NewSale
0x5e2F9d9759410b71CB684861617d3D2Af23375c1,81756,0xbc2d6E7c81E7f35473b3594031FCC4c519fD24Ad,0,0x80fe121b69163e17bd4e9cc573652e29e48fa4ae,1,10000000000000000000,84255144,163443,5009549,1743153849,0x52cddfe47a3f17413083f2916c8d3585666e4476a19ec881af037bc59600347c,NewSale
0x80Af0A1265FDFD4fdD2aa84E424f80973D0E6fB7,81153,0xbc2d6E7c81E7f35473b3594031FCC4c519fD24Ad,1,0x86e17ea9debca8c8f7a5b4009f9c37fe8d97f323,1,260000000000000,84297842,152866,5009551,1743153853,0xcdb623b8cdcbe930e0f431df1d340c274fdbd2854ed6c334fb9f9a17c595e94f,NewSale
0x97BbCFeFF9C1BaD0CF9EBF1aC8606A22929122D9,81709,0xbc2d6E7c81E7f35473b3594031FCC4c519fD24Ad,1,0xc14bae6a2cb2480c4d5f71608370348444d2c1e4,1,290000000000000,84247525,152890,5009554,1743153859,0xfb45cd765032f70f88c63816a7186b729b64dc0a4167153016537f6955821cdc,NewSale
0xc799DD327b5D6c6E4Ed5bbEC510b49A1ce4bB6d7,81691,0xbc2d6E7c81E7f35473b3594031FCC4c519fD24Ad,0,0x4a5c3247bcda98bfb7aa5e92401a6346fadcfe5b,1,200000000000000,84161713,135778,5009557,1743153865,0x1ef9d05884c99ee82670a93762526fb3cc2db4d1072841311197bc146467db84,NewSale
0x9C6A751c9D94C42fE01b323cbDC4A86Cf3b078b7,81698,0xbc2d6E7c81E7f35473b3594031FCC4c519fD24Ad,0,0x4a5c3247bcda98bfb7aa5e92401a6346fadcfe5b,1,200000000000000,83907797,140578,5009573,1743153897,0x8777d789a3cfd03c037858171d501ad1ea9ef0834f0e085a87361979955fbfa0,NewSale
0x95bA45De637C8909c3cCe8B6071d4B2C2d8Fc5Ab,81764,0xbc2d6E7c81E7f35473b3594031FCC4c519fD24Ad,1,0x64f7c019021ac74a68d90d08491ca43b2a632e71,1,130000000000000,82725327,172031,5009588,1743153927,0xed6b5dcb3c0e7ab4d8e4ce9b82f36c4e6257f52c9dd917f8f42da7006ab54967,NewSale
0x5e2F9d9759410b71CB684861617d3D2Af23375c1,81763,0xbc2d6E7c81E7f35473b3594031FCC4c519fD24Ad,0,0x80fe121b69163e17bd4e9cc573652e29e48fa4ae,1,10000000000000000000,83584749,163443,5009607,1743153965,0xcc88bdd199d21bf9f1dcfeccb812b2e096327e5ec580f694adc86fa12505b125,NewSale
0x5e2F9d9759410b71CB684861617d3D2Af23375c1,81771,0xbc2d6E7c81E7f35473b3594031FCC4c519fD24Ad,0,0x80fe121b69163e17bd4e9cc573652e29e48fa4ae,1,10000000000000000000,83828263,163443,5009653,1743154057,0x3c9ab56390aed4490483737fad78996da53e3d570adc59810056c1f209cae231,NewSale
0x41f07238C5096Eb7eb68c50FE8AE5AdDECBBF5C2,80637,0xbFCACb23F0B41EeEDFf7d04f52CE8f5125150806,8,0x6c69144cf6ecfe3ad94b8eef0e200bace1151e70,1,500000000000000,83022457,164783,5009672,1743154095,0x10ad8e822cd25f71bc2d97690e6d1aa78955e3d8419f07ca81c5a105f350c0ee,NewSale
0x64f7C019021aC74A68D90D08491Ca43b2a632E71,81773,0xbc2d6E7c81E7f35473b3594031FCC4c519fD24Ad,1,0x529f71b8285ecbabf59359e9284e98ad05e683e7,1,17170000000000000000,83172867,178454,5009675,1743154101,0x0dec17a742fa98a2e21c61c27386507f954c31efcd5de8b267de3d51ac80e9dc,NewSale
0x64f7C019021aC74A68D90D08491Ca43b2a632E71,81773,0xbc2d6E7c81E7f35473b3594031FCC4c519fD24Ad,1,0x529f71b8285ecbabf59359e9284e98ad05e683e7,1,17170000000000000000,83052703,161354,5009696,1743154143,0x008f381f8d4a3697f27d646e8ef99c38bf57ecb95bd69604d0d5ab1bdff77b86,NewSale
0x5e2F9d9759410b71CB684861617d3D2Af23375c1,81782,0xbc2d6E7c81E7f35473b3594031FCC4c519fD24Ad,0,0x80fe121b69163e17bd4e9cc573652e29e48fa4ae,1,10000000000000000000,84741219,158643,5009730,1743154211,0x7ef0f40f18b82249c65260053737c8630504afd57f45be35bcbd49d2fd419201,NewSale
0x9C6A751c9D94C42fE01b323cbDC4A86Cf3b078b7,81718,0xbc2d6E7c81E7f35473b3594031FCC4c519fD24Ad,1,0x3abc5690b25a25eb3185773b27423185ee29ac00,1,200000000000000,84240000,157666,5009730,1743154211,0x29dd9e4e8fa5643a0a09b36d8389e8336606b025241a6679c67cbf73abe261ac,NewSale
0x64f7C019021aC74A68D90D08491Ca43b2a632E71,81773,0xbc2d6E7c81E7f35473b3594031FCC4c519fD24Ad,1,0x529f71b8285ecbabf59359e9284e98ad05e683e7,1,17170000000000000000,84620037,161354,5009743,1743154237,0xb340f1af43af6c6a5183bde2a9fcd93c92238b00642a198be96bf53139da2004,NewSale
0x45A7b2772b57e8a03a6d037Ce5EC5Fa2725B6111,81593,0xdc0F91C5a4D200FfC21658901c77c0fE1A14d199,0,0x3398904bfeab28bc5740eb0b4dcc36f059823a55,1,799000000000000,85396417,150183,5009750,1743154251,0xabbd4394fd6afaa3fceb5c859943e07e9b36e50f568355b6e90b402922faf532,NewSale
0x9C6A751c9D94C42fE01b323cbDC4A86Cf3b078b7,81747,0xbc2d6E7c81E7f35473b3594031FCC4c519fD24Ad,1,0x3abc5690b25a25eb3185773b27423185ee29ac00,1,200000000000000,85310000,135766,5009758,1743154267,0x8c8520b8d28f2c508d103a563a1656a587f5a851e113b4c9e09a8c31476715c4,NewSale
0x64f7C019021aC74A68D90D08491Ca43b2a632E71,81773,0xbc2d6E7c81E7f35473b3594031FCC4c519fD24Ad,1,0x529f71b8285ecbabf59359e9284e98ad05e683e7,1,17170000000000000000,84118862,161354,5009764,1743154279,0x1051f119ff2856dafb525269e616b41fa711238a93ef311136a6d96c83559ad1,NewSale
0x9C6A751c9D94C42fE01b323cbDC4A86Cf3b078b7,81772,0xbc2d6E7c81E7f35473b3594031FCC4c519fD24Ad,0,0x9f5a7d8a31b7de4f62c44fe5819aa2ef09065acf,1,200000000000000,84920000,140578,5009776,1743154303,0x25fa574de1fdde45edc79297f60cc2825512cbb8de3a5dd381efff959194aff7,NewSale
0x64f7C019021aC74A68D90D08491Ca43b2a632E71,81773,0xbc2d6E7c81E7f35473b3594031FCC4c519fD24Ad,1,0x529f71b8285ecbabf59359e9284e98ad05e683e7,1,17170000000000000000,83703383,161354,5009784,1743154319,0x01ae40136bc31f231a6441d7e334a4b8bafb8f260306aadb7630dcbad29f6c58,NewSale
0x9C6A751c9D94C42fE01b323cbDC4A86Cf3b078b7,81778,0xbc2d6E7c81E7f35473b3594031FCC4c519fD24Ad,0,0x9f5a7d8a31b7de4f62c44fe5819aa2ef09065acf,1,200000000000000,84960000,140578,5009789,1743154329,0xb3b2f03dc9b521d5bf977cdda6f424e311516258337cebc08439f76a5651cf5a,NewSale
0x0CC2aDCbbD25F9B0A0F36011ae29a019091C2e84,81779,0xbc2d6E7c81E7f35473b3594031FCC4c519fD24Ad,0,0x3abc5690b25a25eb3185773b27423185ee29ac00,1,200000000000000,84960000,140566,5009790,1743154331,0x28e0bb1d562f87105dca2a17432b26369f25f35ad456c7a8c7c511ef9ca9c42e,NewSale
0x64f7C019021aC74A68D90D08491Ca43b2a632E71,81773,0xbc2d6E7c81E7f35473b3594031FCC4c519fD24Ad,1,0x529f71b8285ecbabf59359e9284e98ad05e683e7,1,17170000000000000000,83607226,161354,5009804,1743154359,0xdc985bbf8eac97dd65a0e40e1d1a2a5cfea5f297413d4f8a26f684e5fc8910b3,NewSale
0x0CC2aDCbbD25F9B0A0F36011ae29a019091C2e84,81783,0xbc2d6E7c81E7f35473b3594031FCC4c519fD24Ad,0,0x9f5a7d8a31b7de4f62c44fe5819aa2ef09065acf,1,200000000000000,84520000,140578,5009815,1743154381,0xc70c5f9d95a1a9d44252175a97bf89826f4f305a75a7a40c41586511316237b9,NewSale
0x64f7C019021aC74A68D90D08491Ca43b2a632E71,81773,0xbc2d6E7c81E7f35473b3594031FCC4c519fD24Ad,1,0x529f71b8285ecbabf59359e9284e98ad05e683e7,1,17170000000000000000,83927226,161354,5009825,1743154401,0xddf14b9907bc24838719c967170c149a8a44ae97dc50af8a88e68794f63bf7b9,NewSale
0x66c197D75Db44734D595DE713D6eC300d82f8363,81410,0x0c951D9e6EC40FB01007AA8463a98a4C8829874d,0,0x5a9aeb34185cff54dd261da245eeb51b2b748c08,1,490000000000000,84620000,162483,5009827,1743154405,0x846df03527f118a5eca82ad09da11ec3d418065caf7d11e0cd62ac4ac87f7402,NewSale
0x7A3A6FE2bDe4ae601804bBF951912E51C82060c4,81781,0xbc2d6E7c81E7f35473b3594031FCC4c519fD24Ad,1,0x9f5a7d8a31b7de4f62c44fe5819aa2ef09065acf,1,200000000000000,84830000,152878,5009831,1743154413,0x9878d8bae0444a95c590dcacd449aaf6a40622335f32719ff082033ea00b523a,NewSale
0x5257Db95825482B123d83de29c5ca1377955D0FB,81789,0xdc0F91C5a4D200FfC21658901c77c0fE1A14d199,0,0x9c3a24d6d58ff30ee6bda51f3e6b3ba3e4786b38,1,400000000000000,84600000,162471,5009840,1743154431,0x702e125e008c8c6755cf40c303096e44c24a20c839e2987f2b47841591eb758b,NewSale
0x9C6A751c9D94C42fE01b323cbDC4A86Cf3b078b7,81785,0xbc2d6E7c81E7f35473b3594031FCC4c519fD24Ad,0,0x69331c69ed6bf207a45356c2a4fdf6054ae26b3c,1,200000000000000,85553381,140578,5009843,1743154437,0x0b01e47023e0accb555aa439de73d363c78dbd40c576ce2924f0371a69f446f2,NewSale
0x64f7C019021aC74A68D90D08491Ca43b2a632E71,81773,0xbc2d6E7c81E7f35473b3594031FCC4c519fD24Ad,1,0x529f71b8285ecbabf59359e9284e98ad05e683e7,1,17170000000000000000,84587248,161354,5009845,1743154441,0xb9620bdb629f981c815b938af1d42a9e3dbdfd150c56cb0426058ef513cff5ae,NewSale
0x0CC2aDCbbD25F9B0A0F36011ae29a019091C2e84,81786,0xbc2d6E7c81E7f35473b3594031FCC4c519fD24Ad,0,0x9f5a7d8a31b7de4f62c44fe5819aa2ef09065acf,1,200000000000000,85550000,140578,5009856,1743154463,0xe7ededb12e611a20b41973ee22fc543a5b53e27d057fb99523e304ea628d7916,NewSale
0x0CC2aDCbbD25F9B0A0F36011ae29a019091C2e84,81796,0xbc2d6E7c81E7f35473b3594031FCC4c519fD24Ad,0,0x3abc5690b25a25eb3185773b27423185ee29ac00,1,200000000000000,85550000,140566,5009861,1743154473,0xa1e80583897cc5cbaa5f95d627cbfb9d9abfa8bbfcafb222b98b5108ec133c2b,NewSale
0x64f7C019021aC74A68D90D08491Ca43b2a632E71,81773,0xbc2d6E7c81E7f35473b3594031FCC4c519fD24Ad,1,0x529f71b8285ecbabf59359e9284e98ad05e683e7,1,17170000000000000000,85110388,161354,5009865,1743154481,0x68813fc58d2d47986f04f134dca3ac3b263a987b89cd8614174ec61e9c62b847,NewSale
0x0CC2aDCbbD25F9B0A0F36011ae29a019091C2e84,81787,0xbc2d6E7c81E7f35473b3594031FCC4c519fD24Ad,0,0x9f5a7d8a31b7de4f62c44fe5819aa2ef09065acf,1,200000000000000,85860000,140578,5009872,1743154495,0xfb97b03c4b2373605c71732427934aa65881a04e6a814ea779e9b8bc3d502707,NewSale
0x9C6A751c9D94C42fE01b323cbDC4A86Cf3b078b7,81770,0xbc2d6E7c81E7f35473b3594031FCC4c519fD24Ad,0,0xdf9e2e41758a91ec18e4d8f05551becce340859a,1,200000000000000,85804467,157678,5009881,1743154513,0x164a527f30811c63b56d70162571961c4508d1569d570e6ef59ec17c32b0ae5d,NewSale
0x0CC2aDCbbD25F9B0A0F36011ae29a019091C2e84,81788,0xbc2d6E7c81E7f35473b3594031FCC4c519fD24Ad,0,0x9f5a7d8a31b7de4f62c44fe5819aa2ef09065acf,1,200000000000000,85870000,140578,5009883,1743154517,0x9f5cb0eed1a7018dc7cf02a1a642a779369141bb9807aa8900707ec034a9703e,NewSale
0x64f7C019021aC74A68D90D08491Ca43b2a632E71,81773,0xbc2d6E7c81E7f35473b3594031FCC4c519fD24Ad,1,0x529f71b8285ecbabf59359e9284e98ad05e683e7,1,17170000000000000000,84942724,161354,5009886,1743154523,0xbdaf407194678dde11ffd0c82d5b5aa7ec9fe84f9991837bf10cad62505383a6,NewSale
0xeF0Ef28b882d166B732d00A01Ea762B9CCd3FE44,81793,0xbc2d6E7c81E7f35473b3594031FCC4c519fD24Ad,1,0x9f5a7d8a31b7de4f62c44fe5819aa2ef09065acf,1,200000000000000,85970000,142189,5009895,1743154541,0x8d7c764b152b8183d164a3d9652110cfb0159333cb1671f8c95ad000e6cf2784,NewSale
0x64f7C019021aC74A68D90D08491Ca43b2a632E71,81773,0xbc2d6E7c81E7f35473b3594031FCC4c519fD24Ad,1,0x529f71b8285ecbabf59359e9284e98ad05e683e7,1,17170000000000000000,84901523,161354,5009906,1743154563,0x9513325dfcb9a9f52434c237ee720211146db99863df43e55fbcd92a37993ab2,NewSale
0x14710C4Fd97C5ABd2d591C500f6099a4a42B5DaE,81768,0xdc0F91C5a4D200FfC21658901c77c0fE1A14d199,0,0x2a39c80c5dd5669028fcc012926cbbc86b1c383d,1,620000000000000,84916301,150183,5009920,1743154591,0xaf4ce0dd79ba75535ba069b8bdaea293c6be3fb5469f8bb97642c1d2afa7df9d,NewSale
0x64f7C019021aC74A68D90D08491Ca43b2a632E71,81773,0xbc2d6E7c81E7f35473b3594031FCC4c519fD24Ad,1,0x529f71b8285ecbabf59359e9284e98ad05e683e7,1,17170000000000000000,84088970,161354,5009929,1743154609,0x0c851b15a8cb01c13c238e0974d4478f155963dcb027d1842fc51f6e42626508,NewSale
0x78Bd85D2606E296A9c1Fc4504AE034FD0f9079b4,81784,0xbc2d6E7c81E7f35473b3594031FCC4c519fD24Ad,0,0xa026c4a8529121cc440ce8d1bf6e89108285c72c,1,200000000000000,85142433,152878,5009944,1743154639,0x26807bf3b047397b04c0af2d5f8ffce775c6dd5ce9e5d5a3a3e238725913cdf4,NewSale
0x64f7C019021aC74A68D90D08491Ca43b2a632E71,81773,0xbc2d6E7c81E7f35473b3594031FCC4c519fD24Ad,1,0x529f71b8285ecbabf59359e9284e98ad05e683e7,1,17170000000000000000,83959745,161354,5009949,1743154649,0xc25f8bd315807ecaa2d0b4f93553633f3cd1b6a8fdc51d183de527408153cb11,NewSale
0x64f7C019021aC74A68D90D08491Ca43b2a632E71,81773,0xbc2d6E7c81E7f35473b3594031FCC4c519fD24Ad,1,0x529f71b8285ecbabf59359e9284e98ad05e683e7,1,17170000000000000000,84180022,161354,5009967,1743154685,0x837ed393d41b837d6ffa8b685a5d27b44213f3579463b5ab4a135e6006464427,NewSale
0x395b42D4f4ed79Fa7F36309890C5eb11f6768E45,81791,0xbc2d6E7c81E7f35473b3594031FCC4c519fD24Ad,1,0x4cd2c1ee701e5ca495665ca24cb45294125478c9,1,249900000000000,85241326,152878,5009968,1743154687,0x9742fed3a6f0d63ccf5c58b4df0d65bdd2ff7151bf1ec93d76a29dcc9b1855e0,NewSale
0x0CC2aDCbbD25F9B0A0F36011ae29a019091C2e84,81799,0xbc2d6E7c81E7f35473b3594031FCC4c519fD24Ad,0,0x3abc5690b25a25eb3185773b27423185ee29ac00,1,200000000000000,84930000,135766,5009974,1743154699,0x7e5dbf7038ffb5c7abb36639d42e0a7c6db2c1b3b15dd8b59cee2246484b5f5e,NewSale
0xeF0Ef28b882d166B732d00A01Ea762B9CCd3FE44,81793,0xbc2d6E7c81E7f35473b3594031FCC4c519fD24Ad,1,0xa026c4a8529121cc440ce8d1bf6e89108285c72c,1,200000000000000,85009389,159289,5009975,1743154701,0xfa2a070e7291359f47cfe9fdf588279bfcc1f77bbc9be9f4ba5af55287873531,NewSale
0x64f7C019021aC74A68D90D08491Ca43b2a632E71,81773,0xbc2d6E7c81E7f35473b3594031FCC4c519fD24Ad,1,0x529f71b8285ecbabf59359e9284e98ad05e683e7,1,17170000000000000000,83393093,161354,5009988,1743154727,0xb98f0646f259cf37f22c867d9c88f6052e5c3854fff8caf49dcce32cfd9275e6,NewSale
0x3f814dC225B278a2D480d9d28d53FD5f44e23123,81094,0xbc2d6E7c81E7f35473b3594031FCC4c519fD24Ad,1,0x4cd2c1ee701e5ca495665ca24cb45294125478c9,1,250000000000000,83911294,135778,5009998,1743154747,0x0cc96c1b876962e34a52507c1cbbd114346a9bfdb2a3b23d8a00169bf4d6a30a,NewSale
0x64f7C019021aC74A68D90D08491Ca43b2a632E71,81773,0xbc2d6E7c81E7f35473b3594031FCC4c519fD24Ad,1,0x529f71b8285ecbabf59359e9284e98ad05e683e7,1,17170000000000000000,82734365,161354,5010009,1743154769,0x5e6bc754bf4de8c2a01a6c108b5c8546acbc567625cee32b636265b9369f289a,NewSale
0x87C8fAf77e572F3fF3e9b07F415abFbFc0f1819e,81769,0xbc2d6E7c81E7f35473b3594031FCC4c519fD24Ad,1,0xa026c4a8529121cc440ce8d1bf6e89108285c72c,1,249000000000000,83601612,135778,5010016,1743154783,0x9eb4d341eb36fa2883a62b373db2b198a01d6f03dd83a9fdb175f0bb084e7a26,NewSale
0x64f7C019021aC74A68D90D08491Ca43b2a632E71,81773,0xbc2d6E7c81E7f35473b3594031FCC4c519fD24Ad,1,0x529f71b8285ecbabf59359e9284e98ad05e683e7,1,17170000000000000000,82479469,154943,5010029,1743154809,0x29e4e7676b2b1d1c0afeced9538a2f1ec7e992e7794a7d42af2e38380e45dcfa,NewSale
0xcD1578221057466fb249D247144104Ecd3cDe6c8,81725,0xbc2d6E7c81E7f35473b3594031FCC4c519fD24Ad,0,0x4cd2c1ee701e5ca495665ca24cb45294125478c9,1,250000000000000,84014478,135778,5010065,1743154881,0x6fef0511eb227dae3c4ad3de382f8750b7a4e8f14cf03567026b8df54c9af6c8,NewSale
0xeF0Ef28b882d166B732d00A01Ea762B9CCd3FE44,81793,0xbc2d6E7c81E7f35473b3594031FCC4c519fD24Ad,1,0xa026c4a8529121cc440ce8d1bf6e89108285c72c,1,200000000000000,83823308,142189,5010074,1743154899,0xbcf6e2a685ac8831033afb1b75d271ecc18113d0b1973bc6326ea327feb41e43,NewSale
0x0F358255CAC74735b3231A0A28c13C054f9b50B1,81774,0xbc2d6E7c81E7f35473b3594031FCC4c519fD24Ad,1,0x057390c37c61c606e015f09c4d41b4663c55729c,1,249000000000000,84090000,152878,5010076,1743154903,0x49bd1f4ffdad4ae8f079adef85037ead0c61ea591bb4997976993dfdb1df6291,NewSale
0x529F71B8285ECbabF59359e9284E98AD05e683E7,81813,0xbc2d6E7c81E7f35473b3594031FCC4c519fD24Ad,1,0x64f7c019021ac74a68d90d08491ca43b2a632e71,1,17000000000000000000,83052600,178454,5010078,1743154907,0xa86661c1bf62010138376f0a2ca08948997fd3bf9cce3e89f5043c4413e24c4b,NewSale
0x529F71B8285ECbabF59359e9284E98AD05e683E7,81813,0xbc2d6E7c81E7f35473b3594031FCC4c519fD24Ad,1,0x64f7c019021ac74a68d90d08491ca43b2a632e71,1,17000000000000000000,83302219,161354,5010098,1743154947,0xc7e23d5677cf1292f80fa6422fee8bb3d6ae1f82d9773a5a61b86247964f3254,NewSale
0xeF0Ef28b882d166B732d00A01Ea762B9CCd3FE44,81793,0xbc2d6E7c81E7f35473b3594031FCC4c519fD24Ad,1,0xa026c4a8529121cc440ce8d1bf6e89108285c72c,1,200000000000000,84214438,142189,5010099,1743154949,0x619d49ece77404f57879b5f193036af31c1e6e30e13c8504a323de70f8417580,NewSale
0xeF0Ef28b882d166B732d00A01Ea762B9CCd3FE44,81793,0xbc2d6E7c81E7f35473b3594031FCC4c519fD24Ad,1,0xdf9e2e41758a91ec18e4d8f05551becce340859a,1,200000000000000,84125261,159289,5010106,1743154963,0x8beb5e6cf87079e9aaf1d2d8e1dd8162fa0f69bd62fb720cc9d066fc86bde897,NewSale
0x230bFf75310590b1Ac4B5Fd4fb34A7cee8282Ea9,73345,0x6aD26D68bFf8cAD6bAaeA257832854e58B08150E,4,0x5a9aeb34185cff54dd261da245eeb51b2b748c08,1,600000000000000,84250000,164783,5010111,1743154973,0x192e11e58de088f4bd4918817623a8e8f5f9838aaa7d7e93dfb50e10420be451,NewSale
0x529F71B8285ECbabF59359e9284E98AD05e683E7,81813,0xbc2d6E7c81E7f35473b3594031FCC4c519fD24Ad,1,0x64f7c019021ac74a68d90d08491ca43b2a632e71,1,17000000000000000000,83493264,161354,5010119,1743154989,0xd895d61793dd13f74a3a80c6a1f07fffd8d1846c1b4c52b6d707e72f7ce01511,NewSale
0x529F71B8285ECbabF59359e9284E98AD05e683E7,81813,0xbc2d6E7c81E7f35473b3594031FCC4c519fD24Ad,1,0x64f7c019021ac74a68d90d08491ca43b2a632e71,1,17000000000000000000,83894609,161354,5010139,1743155029,0xbb9fa1192e47a9356fa05fc454f86938d8a2301e53b430f1f408239b8288ef97,NewSale
0xD2B82978E4B71681508704EBc06d8615A064eD90,81555,0xbc2d6E7c81E7f35473b3594031FCC4c519fD24Ad,1,0x4cd2c1ee701e5ca495665ca24cb45294125478c9,1,250000000000000,84844656,135778,5010140,1743155031,0x121dcbd4999f63de6d4f10140b863e8323739390e702f6196241861920d07f57,NewSale
0x529F71B8285ECbabF59359e9284E98AD05e683E7,81813,0xbc2d6E7c81E7f35473b3594031FCC4c519fD24Ad,1,0x64f7c019021ac74a68d90d08491ca43b2a632e71,1,17000000000000000000,83881475,161354,5010160,1743155071,0xb4d51f1cabda4552e883c633f648d4dafd8472715b3d5ccacde64fbd72e292d4,NewSale
0xeF0Ef28b882d166B732d00A01Ea762B9CCd3FE44,81793,0xbc2d6E7c81E7f35473b3594031FCC4c519fD24Ad,1,0x3abc5690b25a25eb3185773b27423185ee29ac00,1,200000000000000,84660000,142177,5010163,1743155077,0xecd4ee3596183f607b7c61363bfa9ebf3ebe3304a3e1239e94eccd245aca012b,NewSale
0xFac8F8eFb4bD8903C733406E712F90A245E0b655,81815,0xbc2d6E7c81E7f35473b3594031FCC4c519fD24Ad,1,0x817a322d652ad609986c56eebd3375fb9f0462a2,1,249900000000000,84055734,135778,5010174,1743155099,0xfd4252ab3b4b70d89c41c2499c7fd6bed644b70be102df8b6dad2d874b3f1dfd,NewSale
0x529F71B8285ECbabF59359e9284E98AD05e683E7,81813,0xbc2d6E7c81E7f35473b3594031FCC4c519fD24Ad,1,0x64f7c019021ac74a68d90d08491ca43b2a632e71,1,17000000000000000000,83087342,161354,5010180,1743155111,0x20b806092f4df8719fee0d285f7cad2bb5ca114d44d253a17e37df4217bdd498,NewSale
0x057390c37c61C606e015F09c4D41B4663C55729c,81816,0xbc2d6E7c81E7f35473b3594031FCC4c519fD24Ad,1,0xb46e4eafff6577a44d54f6f0ffc7255a999af26e,1,238000000000000,83972842,152878,5010184,1743155119,0xfd79c6190c20b07a19d8f0f172849bcb6e50215b22916238d423cab6a7fd04c8,NewSale
0xbf5Ab8592addD237D35dDdd3660Ced9235219774,81822,0xbc2d6E7c81E7f35473b3594031FCC4c519fD24Ad,1,0xa327766ea3513d9c9d60de185cf2c0fb3bccad25,1,100000000000000000,83970000,175743,5010192,1743155135,0xec8b237e2987709bb18351d496f1840360464086276021e6fbf23cb22c4a77db,NewSale
0xeF0Ef28b882d166B732d00A01Ea762B9CCd3FE44,81793,0xbc2d6E7c81E7f35473b3594031FCC4c519fD24Ad,1,0x3abc5690b25a25eb3185773b27423185ee29ac00,1,200000000000000,84580000,142177,5010215,1743155181,0x36fd8757e8e004a7e09057d9de62c7ba3780c5055a99ca89b6456672e440782f,NewSale
0x6c69144Cf6EcFE3AD94B8eEF0E200BAcE1151E70,81806,0xdc0F91C5a4D200FfC21658901c77c0fE1A14d199,0,0x68ba86337afa90f170e1c48e958f8836f9f9b4aa,1,600000000000000,84350936,145383,5010215,1743155181,0x2d61ac02e470ab42d135b8cae39ea13144d0ad8e4e0cf33d349da8e38c10706d,NewSale
0x529F71B8285ECbabF59359e9284E98AD05e683E7,81813,0xbc2d6E7c81E7f35473b3594031FCC4c519fD24Ad,1,0x64f7c019021ac74a68d90d08491ca43b2a632e71,1,17000000000000000000,83681316,161354,5010228,1743155207,0x687ee5cb47cd65179827578c5ec0ce2700bccd56c0a29df4981499a1f79cda92,NewSale
0x9361f62a68a31a8E437d8F54257699dD26Ef4fC5,81801,0xdc0F91C5a4D200FfC21658901c77c0fE1A14d199,0,0xb394e69844829e2ba5d791e2d205d0d6f020c81c,1,630000000000000,84290000,150183,5010231,1743155213,0xb4080071435956c00474280dd39b87144d6b0d29e797a9a37124f77e4384ff14,NewSale
0x2065b7a05102C48A44CB985a1E1f466ac9cEE08C,80131,0xbc2d6E7c81E7f35473b3594031FCC4c519fD24Ad,0,0x4cd2c1ee701e5ca495665ca24cb45294125478c9,1,260000000000000,84593208,135778,5010235,1743155221,0xbb2baf9226a2852fb688a578d8c04d4061cd7973b79a1e3146f52271ecaeebb0,NewSale
0x75560E39987f97DAb64d41d0C57ca98B3Fa61BBD,81818,0xbc2d6E7c81E7f35473b3594031FCC4c519fD24Ad,1,0x359b499fb88560d14a391198f7d093408b238e55,1,249900000000000,132950800,135778,5010237,1743155225,0x06520ad780b506114acda148acb15aecb5e55588eb2dff2fa550f3ed1b04b3b4,NewSale
0xA327766ea3513d9C9D60DE185Cf2C0fB3bCCAd25,81827,0xbc2d6E7c81E7f35473b3594031FCC4c519fD24Ad,0,0xbf5ab8592addd237d35dddd3660ced9235219774,1,100000000000000000,84500000,180543,5010246,1743155243,0xfe5479f87d8abd956a5c6c0aef41366ed069b33878155bdf8a979f7b6bda66e5,NewSale
0x529F71B8285ECbabF59359e9284E98AD05e683E7,81813,0xbc2d6E7c81E7f35473b3594031FCC4c519fD24Ad,1,0x64f7c019021ac74a68d90d08491ca43b2a632e71,1,17000000000000000000,84019462,161354,5010248,1743155247,0x44a0901edd2ff4cfe57718016a80d3340e6786a7dc1770720508bf63abe13fde,NewSale
0xeF0Ef28b882d166B732d00A01Ea762B9CCd3FE44,81793,0xbc2d6E7c81E7f35473b3594031FCC4c519fD24Ad,1,0xdf9e2e41758a91ec18e4d8f05551becce340859a,1,200000000000000,84973869,142189,5010252,1743155255,0xd6600e03f65e670cc8f1551f7d4e0e8e227ce33bd6f8bf870f1ec3e2b0fd9a70,NewSale
0x76BE9A174827fB91E6f1E19011d38e08227A6da2,80914,0x02e21A25F0038fa5BDEe9c0b77aC0c1E84d3d6f0,2173,0xb2a5741a365c710267ec91a7da7eabedee1ac552,1,500000000000000,84869179,138158,5010257,1743155265,0xd17087f1751038dc0ec4d0916980b627ac5bdb20c104f19dc3467a0ece7de869,NewSale
0x529F71B8285ECbabF59359e9284E98AD05e683E7,81813,0xbc2d6E7c81E7f35473b3594031FCC4c519fD24Ad,1,0x64f7c019021ac74a68d90d08491ca43b2a632e71,1,17000000000000000000,84391335,161354,5010269,1743155289,0x9b1c986a9ff4241586f435adb1df590b5e898f5d441e76f7944396af894e147a,NewSale
0xA327766ea3513d9C9D60DE185Cf2C0fB3bCCAd25,81831,0xbc2d6E7c81E7f35473b3594031FCC4c519fD24Ad,0,0xbf5ab8592addd237d35dddd3660ced9235219774,1,100000000000000000,85570000,163443,5010279,1743155309,0xb8d20b6baa546c6d8e5eaf654e23f56d9184f59e342d051fd7f0346069e496f8,NewSale
0xeF0Ef28b882d166B732d00A01Ea762B9CCd3FE44,81793,0xbc2d6E7c81E7f35473b3594031FCC4c519fD24Ad,1,0xdf9e2e41758a91ec18e4d8f05551becce340859a,1,200000000000000,85202592,142189,5010287,1743155325,0xbd14e13dd39115d91e171a3b26b473e4c92ca718aa30d6e2747552eeb2fe3982,NewSale
0x529F71B8285ECbabF59359e9284E98AD05e683E7,81813,0xbc2d6E7c81E7f35473b3594031FCC4c519fD24Ad,1,0x64f7c019021ac74a68d90d08491ca43b2a632e71,1,17000000000000000000,84269615,161354,5010289,1743155329,0xdef0c5a5ab675a3323a7948b3ca0640ea49545de77c9f649469f993b021e85d7,NewSale
0x529F71B8285ECbabF59359e9284E98AD05e683E7,81813,0xbc2d6E7c81E7f35473b3594031FCC4c519fD24Ad,1,0x64f7c019021ac74a68d90d08491ca43b2a632e71,1,17000000000000000000,84034115,161354,5010310,1743155371,0xad68f684f5d8a8af7306775d586ced8b36f8d1151c8c25a6eecd24184e22bb2c,NewSale
0xA327766ea3513d9C9D60DE185Cf2C0fB3bCCAd25,81836,0xbc2d6E7c81E7f35473b3594031FCC4c519fD24Ad,0,0xbf5ab8592addd237d35dddd3660ced9235219774,1,100000000000000000,85180000,158643,5010315,1743155381,0x21cd8b17e4fbf61bfaeb9f985de7b2563eda941009086e29f43a9c29af58b46d,NewSale
0x9361f62a68a31a8E437d8F54257699dD26Ef4fC5,81807,0xdc0F91C5a4D200FfC21658901c77c0fE1A14d199,0,0xa228803941b7c585a1db10a07fed6f96f9397e3e,1,640000000000000,85020423,167271,5010316,1743155383,0xc4c90828552dc9c26135fa2c528135ebf7be2d25c9ad3c7e2fc3a1305b309230,NewSale
0x529F71B8285ECbabF59359e9284E98AD05e683E7,81813,0xbc2d6E7c81E7f35473b3594031FCC4c519fD24Ad,1,0x64f7c019021ac74a68d90d08491ca43b2a632e71,1,17000000000000000000,84429008,161354,5010331,1743155413,0x6ceb680e0fb79276d8740e3e9587fb22f9e240d087391173111c9891a77f605a,NewSale
0xe375e61d0c65a56475201286D32A0ADC6F12d6a6,81834,0xbc2d6E7c81E7f35473b3594031FCC4c519fD24Ad,1,0xfe15fa64ff11e3b802fd1cf1709f46d736796131,1,260000000000000,85627065,152878,5010333,1743155417,0xe2a48ea26bd410a2170da42fb2937d4ae0c72b475c286b30ff374e5865a058c2,NewSale
0xeF0Ef28b882d166B732d00A01Ea762B9CCd3FE44,81793,0xbc2d6E7c81E7f35473b3594031FCC4c519fD24Ad,1,0xdf9e2e41758a91ec18e4d8f05551becce340859a,1,200000000000000,84215030,140578,5010342,1743155435,0x84b42c3d73bae74de0728f00d16fd612bb39f508005c20294ed38cff67a27166,NewSale
0x529F71B8285ECbabF59359e9284E98AD05e683E7,81813,0xbc2d6E7c81E7f35473b3594031FCC4c519fD24Ad,1,0x64f7c019021ac74a68d90d08491ca43b2a632e71,1,17000000000000000000,83932688,161354,5010351,1743155453,0x3615aaeccd96d35a5568d0e973c57ca5d54f4952d4a09371fafef10868905893,NewSale
0xA327766ea3513d9C9D60DE185Cf2C0fB3bCCAd25,81837,0xbc2d6E7c81E7f35473b3594031FCC4c519fD24Ad,0,0xbf5ab8592addd237d35dddd3660ced9235219774,1,100000000000000000,85090000,163443,5010356,1743155463,0xdfd862f7e3497b12e8fd728ecccf03899dc04a7bd8ea40344d2447e2bb0a03ec,NewSale
0xe375e61d0c65a56475201286D32A0ADC6F12d6a6,81832,0xbc2d6E7c81E7f35473b3594031FCC4c519fD24Ad,0,0x4e9b53bfc5409f3147f372a401947e2a68ac03ee,1,260000000000000,84115232,135778,5010369,1743155489,0x6c0ca4229e6bac81254545ff2c5163e6df68ce76ebbe67c9ee4bffab09cc5e73,NewSale
0x529F71B8285ECbabF59359e9284E98AD05e683E7,81813,0xbc2d6E7c81E7f35473b3594031FCC4c519fD24Ad,1,0x64f7c019021ac74a68d90d08491ca43b2a632e71,1,17000000000000000000,84193429,161354,5010372,1743155495,0xb12acb1ce3a8a3b65551211ab61d4b255504be6d8cbdf7ae70d84306cdc865cb,NewSale
0xA327766ea3513d9C9D60DE185Cf2C0fB3bCCAd25,81841,0xbc2d6E7c81E7f35473b3594031FCC4c519fD24Ad,0,0xbf5ab8592addd237d35dddd3660ced9235219774,1,100000000000000000,85750000,158643,5010392,1743155535,0xf07c8585bbe15453819fc0942ccfdd86a8a1bba08e306184a081c119895f6646,NewSale
0x529F71B8285ECbabF59359e9284E98AD05e683E7,81813,0xbc2d6E7c81E7f35473b3594031FCC4c519fD24Ad,1,0x64f7c019021ac74a68d90d08491ca43b2a632e71,1,17000000000000000000,84679777,161354,5010392,1743155535,0xfb5c0ca1f8981b8333ec4274b10e9d8f32bbf74a6c17bc0d1267c37095b11e4b,NewSale
0xA026c4A8529121Cc440Ce8D1bF6e89108285c72C,81820,0xbc2d6E7c81E7f35473b3594031FCC4c519fD24Ad,0,0x11925475ebd17c662409d2c0c352f144ab1ca637,1,200000000000000,85729502,135778,5010394,1743155539,0xf17b13b2a521e67ef6d569b727688d2d14032a1a925f5d65aadc53ce11fc4ae2,NewSale
0x529F71B8285ECbabF59359e9284E98AD05e683E7,81813,0xbc2d6E7c81E7f35473b3594031FCC4c519fD24Ad,1,0x64f7c019021ac74a68d90d08491ca43b2a632e71,1,17000000000000000000,84945659,161354,5010412,1743155575,0xed06de594fb1e4b776693633a3d2f1536fa7bd85518f1a758e856a3d6b951d2c,NewSale
0xA026c4A8529121Cc440Ce8D1bF6e89108285c72C,81824,0xbc2d6E7c81E7f35473b3594031FCC4c519fD24Ad,1,0xe98fb6f1f2fe01245d31071207a277e1a3157c6b,1,200000000000000,85463851,157678,5010429,1743155609,0xc3bf5491292b46a124f7a59a55f98af85574602efb75fc72d38e617a544790c2,NewSale
0xA026c4A8529121Cc440Ce8D1bF6e89108285c72C,81826,0xbc2d6E7c81E7f35473b3594031FCC4c519fD24Ad,1,0x11925475ebd17c662409d2c0c352f144ab1ca637,1,200000000000000,85363851,157678,5010429,1743155609,0x5c45b0d354db68f13ec84838b76f9f2121edc42f79d93bff1e632471e4764ea3,NewSale
0xA327766ea3513d9C9D60DE185Cf2C0fB3bCCAd25,81844,0xbc2d6E7c81E7f35473b3594031FCC4c519fD24Ad,1,0xbf5ab8592addd237d35dddd3660ced9235219774,1,100000000000000000,85430000,175743,5010433,1743155617,0x4724f2dd844f3acb7246cc711f2a8674aaa05947a11a44610ca990c9b6aa87c0,NewSale
0x529F71B8285ECbabF59359e9284E98AD05e683E7,81813,0xbc2d6E7c81E7f35473b3594031FCC4c519fD24Ad,1,0x64f7c019021ac74a68d90d08491ca43b2a632e71,1,17000000000000000000,84749208,154943,5010441,1743155633,0xe74520613604fa3a2b298a58491e3c3702ce77308606d51c8774ea74c010d164,NewSale
0xA026c4A8529121Cc440Ce8D1bF6e89108285c72C,81835,0xbc2d6E7c81E7f35473b3594031FCC4c519fD24Ad,1,0x11925475ebd17c662409d2c0c352f144ab1ca637,1,200000000000000,85187036,140578,5010461,1743155673,0xedf182f6d8880e0deae88d17932a5ee80c13f4fc14e9871e802fe0b5c168509d,NewSale
0x9f5A7d8A31b7dE4F62c44Fe5819aa2eF09065ACf,81828,0xbc2d6E7c81E7f35473b3594031FCC4c519fD24Ad,1,0xe16fe3ac4c3082768806bd3338ef77a334388919,1,200000000000000,84769256,140578,5010470,1743155691,0x841ab59e583aa10087cc7ceca2d6d5867cb4d5bcf222d06e4a82bdfe06f89677,NewSale
0xbf5Ab8592addD237D35dDdd3660Ced9235219774,81853,0xbc2d6E7c81E7f35473b3594031FCC4c519fD24Ad,0,0xa327766ea3513d9c9d60de185cf2c0fb3bccad25,1,100000000000000000,84840000,180543,5010475,1743155701,0xc042984b2f29a84be5dfd4821867ec762e9948f28ab89491aa6b2ceb7dbe9710,NewSale
0xA026c4A8529121Cc440Ce8D1bF6e89108285c72C,81830,0xbc2d6E7c81E7f35473b3594031FCC4c519fD24Ad,1,0x11925475ebd17c662409d2c0c352f144ab1ca637,1,220000000000000,84468258,135778,5010485,1743155721,0x58adab1cc30c7ea065e72672afa62edddc7f7774086df6a2ba50887a72833256,NewSale
0x359B499Fb88560d14a391198f7d093408B238e55,81839,0xdc0F91C5a4D200FfC21658901c77c0fE1A14d199,0,0xfce196d7863346fe0f339cd4ee14878db34644a9,1,180000000000000,84603605,167271,5010486,1743155723,0xa4cbf99250dab9da5cf72e3032564f745eae5de8a7d07fce6e27697261931455,NewSale
0xbf5Ab8592addD237D35dDdd3660Ced9235219774,81861,0xbc2d6E7c81E7f35473b3594031FCC4c519fD24Ad,0,0xa327766ea3513d9c9d60de185cf2c0fb3bccad25,1,100000000000000000,84100000,163443,5010503,1743155757,0x29021222889ca3d245a8d33125be4a63c5b8f1685e496e0c29e4ef5b8a406cb3,NewSale
0x76BE9A174827fB91E6f1E19011d38e08227A6da2,80916,0x02e21A25F0038fa5BDEe9c0b77aC0c1E84d3d6f0,2171,0xb2a5741a365c710267ec91a7da7eabedee1ac552,1,500000000000000,83612758,133358,5010513,1743155777,0x34a7e624b4f164540cd60a652f4e387c260861a3fcf93f0ea19bada47cf20c3f,NewSale
0x6360AeB700c0FAC902129BD005d90Ac21bEC0F11,81847,0xdc0F91C5a4D200FfC21658901c77c0fE1A14d199,0,0xa88541c735c11fe19182a832f3eb679ba6e59758,1,800000000000000,82712758,180551,5010513,1743155777,0x5c12a85706dd6e1390bf8687dddb5ec512785b0f97ab2b5519dff51482ae37a6,NewSale
0x4Cd2c1EE701E5cA495665ca24cB45294125478c9,81846,0xbc2d6E7c81E7f35473b3594031FCC4c519fD24Ad,0,0x11925475ebd17c662409d2c0c352f144ab1ca637,1,230000000000000,83354079,140578,5010522,1743155795,0x69d420c999756c0a6fa349b4f13f090789af4b2420f894a008f4669353fb54c6,NewSale
0xbf5Ab8592addD237D35dDdd3660Ced9235219774,81864,0xbc2d6E7c81E7f35473b3594031FCC4c519fD24Ad,0,0xa327766ea3513d9c9d60de185cf2c0fb3bccad25,1,100000000000000000,83330000,163443,5010529,1743155809,0x335985f556e3b241ea4fdfbe3bf0e5a0f11bb2fb1ab3673d9704dff79864064f,NewSale
0x4Cd2c1EE701E5cA495665ca24cB45294125478c9,81842,0xbc2d6E7c81E7f35473b3594031FCC4c519fD24Ad,1,0xe16fe3ac4c3082768806bd3338ef77a334388919,1,230000000000000,82958326,140578,5010529,1743155809,0x75f31998a7fb0c6fbe47e5b09cde8441e0a81379efc9c26f0cb06f55176c7408,NewSale
0x4Cd2c1EE701E5cA495665ca24cB45294125478c9,81850,0xbc2d6E7c81E7f35473b3594031FCC4c519fD24Ad,1,0x11925475ebd17c662409d2c0c352f144ab1ca637,1,230000000000000,82410166,140578,5010543,1743155837,0x97718b065e4cfb3e3cb12e92fd164f8f31c1883cb88d435c4f91ae9172bcc12c,NewSale
0xbf5Ab8592addD237D35dDdd3660Ced9235219774,81868,0xbc2d6E7c81E7f35473b3594031FCC4c519fD24Ad,0,0xa327766ea3513d9c9d60de185cf2c0fb3bccad25,1,100000000000000000,82390000,163443,5010557,1743155865,0x82ecde55c2bc67c35948bdfaf3e4bcdf991ba2297be3285f2d8b0970899be4b9,NewSale
0x64f7C019021aC74A68D90D08491Ca43b2a632E71,81867,0xbc2d6E7c81E7f35473b3594031FCC4c519fD24Ad,1,0x529f71b8285ecbabf59359e9284e98ad05e683e7,1,17000000000000000000,81732921,178454,5010559,1743155869,0xb76083b1586edbb44fb874e7ad2237c0b8950bdbd736e9f906ba943e6cead7c3,NewSale
0x4Cd2c1EE701E5cA495665ca24cB45294125478c9,81854,0xbc2d6E7c81E7f35473b3594031FCC4c519fD24Ad,0,0x11925475ebd17c662409d2c0c352f144ab1ca637,1,230000000000000,82224256,140578,5010573,1743155897,0x47164620d89886b58aecd6ffbd9ec69fd4afa494930c4a0335d79f9a7a865ec5,NewSale
0x41f07238C5096Eb7eb68c50FE8AE5AdDECBBF5C2,80636,0xbFCACb23F0B41EeEDFf7d04f52CE8f5125150806,9,0xe16fe3ac4c3082768806bd3338ef77a334388919,1,500000000000000,82247112,164783,5010580,1743155911,0xb96cec59d75623e7c2043d038fd95133b6de7292bae1afa080a4274b1fcd03cb,NewSale
0x64f7C019021aC74A68D90D08491Ca43b2a632E71,81867,0xbc2d6E7c81E7f35473b3594031FCC4c519fD24Ad,1,0x529f71b8285ecbabf59359e9284e98ad05e683e7,1,17000000000000000000,81247112,161354,5010580,1743155911,0x7bba20482154f4234053188870aeebcb1d924b7e47d09ae05f970e5870924c1c,NewSale
0xbf5Ab8592addD237D35dDdd3660Ced9235219774,81872,0xbc2d6E7c81E7f35473b3594031FCC4c519fD24Ad,0,0xa327766ea3513d9c9d60de185cf2c0fb3bccad25,1,100000000000000000,82150000,158643,5010587,1743155925,0x40a7fb075c338b07bfc23960ec69185912e18838db27b1055531b3404c9d47f9,NewSale
0x64f7C019021aC74A68D90D08491Ca43b2a632E71,81867,0xbc2d6E7c81E7f35473b3594031FCC4c519fD24Ad,1,0x529f71b8285ecbabf59359e9284e98ad05e683e7,1,17000000000000000000,81293694,161354,5010600,1743155951,0xd1ee4b38402f6ff48cd350a6167f528ad8072f01f2557a4550dc2453ee35a3e1,NewSale
0xbf5Ab8592addD237D35dDdd3660Ced9235219774,81902,0xbc2d6E7c81E7f35473b3594031FCC4c519fD24Ad,1,0xa327766ea3513d9c9d60de185cf2c0fb3bccad25,1,100000000000000000,82910000,175743,5010626,1743156003,0x2087b2320aa1476b090e51cecb6cbb407cc01c0cbec95f61a84ca8876ee3fd0a,NewSale
0x287Bf6eF4CD02e1a086c59Cf52c0671507EE68cE,81833,0x2Bf46D4497e98FbA2304B0d2453922FFf559Ea02,74,0xfce196d7863346fe0f339cd4ee14878db34644a9,1,600000000000000,82788574,162483,5010627,1743156005,0x45fdeda26a8b34b9089ee4f2c91adfe7768891695c3847bcefc66067034a8a83,NewSale
0x0fF763215f9a2f1f07e95b6DaF2DE48A159CFeDA,81874,0xbc2d6E7c81E7f35473b3594031FCC4c519fD24Ad,0,0xe16fe3ac4c3082768806bd3338ef77a334388919,1,100000000000000,82815824,135778,5010629,1743156009,0x5cf0c59848a7aa0407800c3cfd55e360e21922a4afbd2094ce2810c4aefabbe0,NewSale
0x64f7C019021aC74A68D90D08491Ca43b2a632E71,81867,0xbc2d6E7c81E7f35473b3594031FCC4c519fD24Ad,1,0x529f71b8285ecbabf59359e9284e98ad05e683e7,1,17000000000000000000,81765340,161354,5010630,1743156011,0x977e4bfa9abcecbf97da920334729ee687a1e17d92091816544bbab2d4f7ddb2,NewSale
0x64f7C019021aC74A68D90D08491Ca43b2a632E71,81867,0xbc2d6E7c81E7f35473b3594031FCC4c519fD24Ad,1,0x529f71b8285ecbabf59359e9284e98ad05e683e7,1,17000000000000000000,82132821,161354,5010650,1743156051,0x2ba1f3fa5cd7009e9048801576c83c523b8e02b9453248b3f25dc596fabfde2a,NewSale
0x4Cd2c1EE701E5cA495665ca24cB45294125478c9,81862,0xbc2d6E7c81E7f35473b3594031FCC4c519fD24Ad,0,0xa5026a13777bb338ef7a30aad2498c9d7de57110,1,230000000000000,82404406,135778,5010685,1743156121,0x091cfe72014fdff9a08f02403d61b8c85e34b5f6c037f4b580a3ddca8a03b4db,NewSale
0x64f7C019021aC74A68D90D08491Ca43b2a632E71,81867,0xbc2d6E7c81E7f35473b3594031FCC4c519fD24Ad,1,0x529f71b8285ecbabf59359e9284e98ad05e683e7,1,17000000000000000000,82463373,161354,5010695,1743156141,0x31306de49ce5e248d871437e8c3eb5df3a232229cdd9e69e80f505467ead6e5a,NewSale
0x64f7C019021aC74A68D90D08491Ca43b2a632E71,81867,0xbc2d6E7c81E7f35473b3594031FCC4c519fD24Ad,1,0x529f71b8285ecbabf59359e9284e98ad05e683e7,1,17000000000000000000,83168753,161354,5010715,1743156181,0xe0932e0d3410fca9cc91d582f52a2ea5d140c1a82ae949678b953f42b5e4e68a,NewSale
0x9fe3A2E88A1908AE9a3936d17Fc4fEF9A0a89DF3,79975,0xEB255E4669Da7FeEf1F746a5a778b4e08b65a1A7,0,0xe98fb6f1f2fe01245d31071207a277e1a3157c6b,1,330000000000000,84001640,162483,5010724,1743156199,0x106c6dfc409d932a0edc9de661c245f5cdbab46ade5b8e218afc406cfcc207d0,NewSale
0xeF0Ef28b882d166B732d00A01Ea762B9CCd3FE44,81680,0xbc2d6E7c81E7f35473b3594031FCC4c519fD24Ad,1,0x6cfa99b2352163d70bd52de24cdbf553374b9335,1,245000000000000,84160000,159289,5010735,1743156221,0x7d9f50c218f0ee55d84c4e26c9342d4abfb343d2d05b7379a79d77d54f6dab79,NewSale
0x64f7C019021aC74A68D90D08491Ca43b2a632E71,81867,0xbc2d6E7c81E7f35473b3594031FCC4c519fD24Ad,1,0x529f71b8285ecbabf59359e9284e98ad05e683e7,1,17000000000000000000,83156497,161354,5010735,1743156221,0xde7cd1c3837ab191446629b0c1e7b1fe94534629f16e7f793d7c2934e299f949,NewSale
0x11925475EBd17C662409d2c0c352f144AB1cA637,81924,0xbc2d6E7c81E7f35473b3594031FCC4c519fD24Ad,1,0x6cfa99b2352163d70bd52de24cdbf553374b9335,1,200000000000000,83950000,140578,5010747,1743156245,0xc0fa45643d4b49c981c9f400b8c9c33eef54af7d096476ed0f133752b7f54ad3,NewSale
0x64f7C019021aC74A68D90D08491Ca43b2a632E71,81867,0xbc2d6E7c81E7f35473b3594031FCC4c519fD24Ad,1,0x529f71b8285ecbabf59359e9284e98ad05e683e7,1,17000000000000000000,82914102,161354,5010755,1743156261,0x3d4de07650069f94236b91d3869ff9df1a2fd614b3a8bd9cc0466c4702b568c7,NewSale
0x4Cd2c1EE701E5cA495665ca24cB45294125478c9,81858,0xbc2d6E7c81E7f35473b3594031FCC4c519fD24Ad,1,0x6cfa99b2352163d70bd52de24cdbf553374b9335,1,230000000000000,83850000,135778,5010756,1743156263,0xe4c4f23725ba3d354874c357056e731fc918d40880deec994d3687676545d96a,NewSale
0xDf9e2E41758a91eC18E4d8f05551BeCCE340859a,81875,0xbc2d6E7c81E7f35473b3594031FCC4c519fD24Ad,1,0x6cfa99b2352163d70bd52de24cdbf553374b9335,1,230000000000000,83930000,140578,5010766,1743156283,0xb238dd04937900ccb2b8ea95826e010a2ebe5e78d98066efef9456f1ba1d7223,NewSale
0x1f553C51b7790E1ddF16AeAf944338B5E0f143CB,81305,0xbc2d6E7c81E7f35473b3594031FCC4c519fD24Ad,1,0xa8a3ecddb6e37fc7f390e3f7d9ab91617e4b8013,1,250000000000000,82250956,152878,5010772,1743156295,0xbb76db58054612c32065fda2b6a329c73900891fa6a4426dbbda0e54b6ce9751,NewSale
0xDf9e2E41758a91eC18E4d8f05551BeCCE340859a,81919,0xbc2d6E7c81E7f35473b3594031FCC4c519fD24Ad,1,0x6cfa99b2352163d70bd52de24cdbf553374b9335,1,230000000000000,83910000,140578,5010774,1743156299,0x9fb91f0df4d8a7975a3da9bef06a479fb1f2cd226569c1a15a7a60635eb4852a,NewSale
0x64f7C019021aC74A68D90D08491Ca43b2a632E71,81867,0xbc2d6E7c81E7f35473b3594031FCC4c519fD24Ad,1,0x529f71b8285ecbabf59359e9284e98ad05e683e7,1,17000000000000000000,81932451,161354,5010775,1743156301,0xe21ef37567eaff856e9f6e3ae5ed798a4fc379749dbcd59558044fdb2c740a14,NewSale
0xeF0Ef28b882d166B732d00A01Ea762B9CCd3FE44,81680,0xbc2d6E7c81E7f35473b3594031FCC4c519fD24Ad,1,0x6cfa99b2352163d70bd52de24cdbf553374b9335,1,245000000000000,83920000,142189,5010784,1743156319,0x2a16d5daa55164c1d0ce821292118d889f0e93eeda26e913b3d28a38484abb65,NewSale
0x01bCe3F1d4089Ff6aB4F486012B4DFc00f1852cF,81865,0xdc0F91C5a4D200FfC21658901c77c0fE1A14d199,0,0x62b6c0daa3ed8ef81afd0ab2a31f52e0bb3902ca,1,650000000000000,81812312,150183,5010791,1743156333,0xdae08abb6f8719453a9515cbd5ce56ee2452142a4810bd0c563d4c002075d715,NewSale
0x11925475EBd17C662409d2c0c352f144AB1cA637,81926,0xbc2d6E7c81E7f35473b3594031FCC4c519fD24Ad,1,0x6cfa99b2352163d70bd52de24cdbf553374b9335,1,210000000000000,83550000,140578,5010792,1743156335,0x9f03acffbb1b6bff65c29a905ad10e428d1932a1c9420d1c3d4fb6fb1c7a3385,NewSale
0x5A1c5841744307D0C88f9B6fbcC49ACde8458c84,81840,0xbc2d6E7c81E7f35473b3594031FCC4c519fD24Ad,1,0xfce196d7863346fe0f339cd4ee14878db34644a9,1,249900000000000,82692939,152878,5010792,1743156335,0x3986784e0ae196049dc7839f5f066cdc6104ed7630e0b13bd30c0a1e2691b4a4,NewSale
0x64f7C019021aC74A68D90D08491Ca43b2a632E71,81867,0xbc2d6E7c81E7f35473b3594031FCC4c519fD24Ad,1,0x529f71b8285ecbabf59359e9284e98ad05e683e7,1,17000000000000000000,81666614,161354,5010795,1743156341,0x00b34de98b1bf2affeb14f04ef35c12330be4c6097424c673028939be02360ef,NewSale
0xf87379EaA357D78Fc8DDe323730B2F37C44038eC,81904,0xbc2d6E7c81E7f35473b3594031FCC4c519fD24Ad,1,0xbcb210ee8f825338ac74be2a9c902d87f271a3ea,1,249000000000000,82730000,152878,5010796,1743156343,0x0baf9a010fa4638bb8934df088bb89f92546d12148c66f827a50136fcb6ef80b,NewSale
0xeF0Ef28b882d166B732d00A01Ea762B9CCd3FE44,81680,0xbc2d6E7c81E7f35473b3594031FCC4c519fD24Ad,1,0x6cfa99b2352163d70bd52de24cdbf553374b9335,1,245000000000000,83170000,142189,5010803,1743156357,0xbb6cbd71baba7d803836e615923855df29b6658c782409fe46c3505db7a9941d,NewSale
0x11925475EBd17C662409d2c0c352f144AB1cA637,81928,0xbc2d6E7c81E7f35473b3594031FCC4c519fD24Ad,0,0x6cfa99b2352163d70bd52de24cdbf553374b9335,1,200000000000000,82730000,140578,5010813,1743156377,0xf05eac24e43dbdca624bcf140d73cc24d58072c52e14ad61f4918f792519e40c,NewSale
0x64f7C019021aC74A68D90D08491Ca43b2a632E71,81867,0xbc2d6E7c81E7f35473b3594031FCC4c519fD24Ad,1,0x529f71b8285ecbabf59359e9284e98ad05e683e7,1,17000000000000000000,80851865,161354,5010816,1743156383,0xd791369d452353881455a1e4fe0f3c91dba779d78727906c1413918cde557e45,NewSale
0xeF0Ef28b882d166B732d00A01Ea762B9CCd3FE44,81929,0xbc2d6E7c81E7f35473b3594031FCC4c519fD24Ad,1,0x6cfa99b2352163d70bd52de24cdbf553374b9335,1,230000000000000,82570000,142189,5010823,1743156397,0x2ca51fcaa42a3cfa33b54e4f8db62fc9ad391b9a34f652708a3b73b74f4fa10b,NewSale
0x64f7C019021aC74A68D90D08491Ca43b2a632E71,81867,0xbc2d6E7c81E7f35473b3594031FCC4c519fD24Ad,1,0x529f71b8285ecbabf59359e9284e98ad05e683e7,1,17000000000000000000,79751934,161354,5010837,1743156425,0xc7ae2251f92599285b98ed4ca1718d877f43ba789c49e94dc55e9543391540dd,NewSale
0x41f07238C5096Eb7eb68c50FE8AE5AdDECBBF5C2,81890,0xbFCACb23F0B41EeEDFf7d04f52CE8f5125150806,11,0xbcb210ee8f825338ac74be2a9c902d87f271a3ea,1,500000000000000,80010000,164783,5010849,1743156449,0x26ef4ee8fad93c88a37edccafcb72c84019551f79bd50a5023945ef1a0f8399a,NewSale
0x64f7C019021aC74A68D90D08491Ca43b2a632E71,81867,0xbc2d6E7c81E7f35473b3594031FCC4c519fD24Ad,1,0x529f71b8285ecbabf59359e9284e98ad05e683e7,1,17000000000000000000,77731036,161354,5010873,1743156497,0x18dfc486235b5479256bd71bc7f95be1dbbc3709cf221fe53a42da06be277a65,NewSale
0x9361f62a68a31a8E437d8F54257699dD26Ef4fC5,81823,0xdc0F91C5a4D200FfC21658901c77c0fE1A14d199,0,0x15a762733fcc82540190acdc99dea7e5a735fd1f,1,1650000,78565571,336253,5010877,1743156505,0x6c879438657866860c9d788d377e736d71cae6db154beacd97adbfeff1b3cb0c,NewSale
0x64f7C019021aC74A68D90D08491Ca43b2a632E71,81867,0xbc2d6E7c81E7f35473b3594031FCC4c519fD24Ad,1,0x529f71b8285ecbabf59359e9284e98ad05e683e7,1,17000000000000000000,76511736,161354,5010894,1743156539,0xdb492e17134387376a510e6d8c77ca2c3093f6d69f788236514ad2a62f1e0849,NewSale
0x64f7C019021aC74A68D90D08491Ca43b2a632E71,81867,0xbc2d6E7c81E7f35473b3594031FCC4c519fD24Ad,1,0x529f71b8285ecbabf59359e9284e98ad05e683e7,1,17000000000000000000,75712869,161354,5010914,1743156579,0xa5fedc5310e7238e5a6be456caa479fb61808403f108ba63040abbfa669a8ac6,NewSale
0xDf9e2E41758a91eC18E4d8f05551BeCCE340859a,81922,0xbc2d6E7c81E7f35473b3594031FCC4c519fD24Ad,0,0xfce196d7863346fe0f339cd4ee14878db34644a9,1,250000000000000,75686937,152878,5010934,1743156619,0x917d394f11e97ec77d09fceeb43583363dce57475e6ef1f5afde68d276eda48a,NewSale
0xcA5772E76e9D21977e21Ce93e5748A84AB0d8D10,81794,0xbc2d6E7c81E7f35473b3594031FCC4c519fD24Ad,1,0x99aa91d7186bbc2ba90c6f4a75f99abb4fbfd52e,1,249900000000000,75807200,152878,5010937,1743156625,0xe044440ef05294fcb29e6fe602c74fc45ba0492a00e9bc50f0748c88aa6e2a73,NewSale
0x64f7C019021aC74A68D90D08491Ca43b2a632E71,81867,0xbc2d6E7c81E7f35473b3594031FCC4c519fD24Ad,1,0x529f71b8285ecbabf59359e9284e98ad05e683e7,1,17000000000000000000,74097831,154943,5010959,1743156669,0x7d7d39db3216b64ceeabd41cc2e6998a141a795028dca359d7e96307521d3800,NewSale
0x33FD8e88a74Fec2E8ffA23916b47A8b03806A85B,81938,0xbc2d6E7c81E7f35473b3594031FCC4c519fD24Ad,0,0x27530d20e1e89d61fdc8489c2f075bed58350569,1,230000000000000,71306015,140578,5011041,1743156833,0x2cc7f18522afdd19e31f919808ede319957d9a8e6ed09ffab9a7cc90418d72db,NewSale
0x4Cf8ae103279EBA5495ecF192e01f91e62ad0247,81930,0xbc2d6E7c81E7f35473b3594031FCC4c519fD24Ad,0,0x1468b997b2b31bd5251842c2e213e954ce0615b4,1,200000000000000,72125593,140578,5011056,1743156863,0x8e1590ffd9457ccff2f60c2a9a9447e11c6f511b62f0c546c9014cdc2a0ae16d,NewSale
0x529F71B8285ECbabF59359e9284E98AD05e683E7,81946,0xbc2d6E7c81E7f35473b3594031FCC4c519fD24Ad,1,0x64f7c019021ac74a68d90d08491ca43b2a632e71,1,17340000000000000000,71158453,178454,5011059,1743156869,0xfbf055952665c3db63d294256c1a259bf3237aa2f628ee09d5b5dc1fbecb4172,NewSale
0x5fE58DB3FB96991cA5a0B853C5f39D150532aC0e,81945,0x02e21A25F0038fa5BDEe9c0b77aC0c1E84d3d6f0,2248,0xbcb210ee8f825338ac74be2a9c902d87f271a3ea,1,400000000000000,72060000,155246,5011076,1743156903,0x0d43d1750080e0dfe40b8a63a6181aa443466d2090a65d08dd6e97858bf6f925,NewSale
0xe98fB6F1f2FE01245d31071207A277E1a3157c6B,81641,0xF4527A094c80C7eD9039Ed485d1AAb914b074A49,0,0x5a9aeb34185cff54dd261da245eeb51b2b748c08,1,400000000000000,72240000,167271,5011080,1743156911,0x204187636bb77e00199defcada04ef78ba14852ac9c642962e24c55958bcd263,NewSale
0x4Cf8ae103279EBA5495ecF192e01f91e62ad0247,81932,0xbc2d6E7c81E7f35473b3594031FCC4c519fD24Ad,0,0x1468b997b2b31bd5251842c2e213e954ce0615b4,1,200000000000000,71320889,140578,5011099,1743156949,0x0cb04437a21060ff28d1fa68099182f6198969c161071e98495cde54de84ff22,NewSale
0x529F71B8285ECbabF59359e9284E98AD05e683E7,81946,0xbc2d6E7c81E7f35473b3594031FCC4c519fD24Ad,1,0x64f7c019021ac74a68d90d08491ca43b2a632e71,1,17340000000000000000,70217925,161354,5011109,1743156969,0x39ff2cc960f9a37ad3f7a6a7e72fa9d9e60d6b707d8ac5a6141ef203d564c9bc,NewSale
0x9361f62a68a31a8E437d8F54257699dD26Ef4fC5,81838,0xdc0F91C5a4D200FfC21658901c77c0fE1A14d199,0,0x65151a6343b16c38286f31fcc93e20246629cf8c,1,635000000000000,71460000,150183,5011114,1743156979,0xec0f64c31c33f1ffa032f32081dc39b5fa4296f651eea9f2f3d443ba72ba2356,NewSale
0xe98fB6F1f2FE01245d31071207A277E1a3157c6B,81671,0xFC000E355ea1dC4A8B8e40B7A09d1fFf82596D7b,0,0x5a9aeb34185cff54dd261da245eeb51b2b748c08,1,400000000000000,71380000,157662,5011118,1743156987,0xc396760e935f79e2ba6d14b7adb21802a573955c978eaf3343ee64dce022f776,NewSale
0x33FD8e88a74Fec2E8ffA23916b47A8b03806A85B,81941,0xbc2d6E7c81E7f35473b3594031FCC4c519fD24Ad,0,0xbcb210ee8f825338ac74be2a9c902d87f271a3ea,1,500000000000000,71230000,140590,5011124,1743156999,0x21bca32e587068bcd2bf045cb60afa706ab948568add6a6d723aa45dad0a8060,NewSale
0x3Af852aDE88E805dDe79638e6A2Fb35586055543,81948,0xbc2d6E7c81E7f35473b3594031FCC4c519fD24Ad,1,0xfce196d7863346fe0f339cd4ee14878db34644a9,1,249000000000000,71013428,135778,5011130,1743157011,0x5fa9826decb8483461b28d5616a8e553d9ab5192aa60fabd977a8c3a1413cc14,NewSale
0x5a9aEb34185CFf54dd261dA245eEb51B2B748c08,81942,0x0c951D9e6EC40FB01007AA8463a98a4C8829874d,0,0xd1a42fe4871f99b219859b812e7ebaa311149074,1,500000,70920000,215968,5011138,1743157027,0x5d21cede51cd923f6655f1d84b390467967db1a8994eac7331938123c67469cd,NewSale
0xA8F02C6B221d01F8a6d8adBC88A5F85b8569CD8E,81765,0xDfC21bE7cC791a5f03A95E836D385bBC6d7dF384,1287,0x5a9aeb34185cff54dd261da245eeb51b2b748c08,1,500000000000000,71140000,155258,5011145,1743157041,0x3d342c107aa10bf8510176cb2c7a699d93bad4aa21383e7ded6f185157948c03,NewSale
0x4Cf8ae103279EBA5495ecF192e01f91e62ad0247,81931,0xbc2d6E7c81E7f35473b3594031FCC4c519fD24Ad,0,0x1468b997b2b31bd5251842c2e213e954ce0615b4,1,200000000000000,71024739,140578,5011146,1743157043,0x4e1e178dc003b6dec046a66778f326cc6a50d271bf17a1641de2d0e9bf1a9b0a,NewSale
0x529F71B8285ECbabF59359e9284E98AD05e683E7,81946,0xbc2d6E7c81E7f35473b3594031FCC4c519fD24Ad,1,0x64f7c019021ac74a68d90d08491ca43b2a632e71,1,17340000000000000000,70127499,161354,5011152,1743157055,0xb7c4bf465b972fa5d7502d1dd36ef6855448332befb6935942499e63dd378f8b,NewSale
0x33FD8e88a74Fec2E8ffA23916b47A8b03806A85B,81935,0xbc2d6E7c81E7f35473b3594031FCC4c519fD24Ad,0,0xbcb210ee8f825338ac74be2a9c902d87f271a3ea,1,230000000000000,71070000,140578,5011156,1743157063,0x0c188ad0f41fe2f9fa8c282b2c7e6b27b50911ba17e72a3de6841ec94a7e7752,NewSale
0x68ba86337aFa90F170E1C48e958f8836F9f9b4AA,81925,0xdc0F91C5a4D200FfC21658901c77c0fE1A14d199,0,0xf7c557244d38341a2ac5196b3b636111a87868c7,1,530000000000000,70587554,167283,5011174,1743157099,0x215ffe5fccc0f34b60040c8cb036e8fd6f275ac72d45a3ec3bdb78311074a9eb,NewSale
0x4Cf8ae103279EBA5495ecF192e01f91e62ad0247,81940,0xbc2d6E7c81E7f35473b3594031FCC4c519fD24Ad,0,0xbcb210ee8f825338ac74be2a9c902d87f271a3ea,1,200000000000000,71543314,140578,5011182,1743157115,0x7e6d6cb8056229b687cc7599221cade78ee10a28b0959209f3f1921ca3b0a59c,NewSale
0x9361f62a68a31a8E437d8F54257699dD26Ef4fC5,81829,0xdc0F91C5a4D200FfC21658901c77c0fE1A14d199,0,0x24e9ae4b24c000f10fefc003f240aba60332b0a3,1,1650000,71866507,186556,5011210,1743157171,0xef9fffc489295288639fe89b5e04854753a48adaa88cd0f67c67ea952a292c3d,NewSale
0x4Cf8ae103279EBA5495ecF192e01f91e62ad0247,81933,0xbc2d6E7c81E7f35473b3594031FCC4c519fD24Ad,0,0xd1a42fe4871f99b219859b812e7ebaa311149074,1,200000000000000,72100000,140578,5011219,1743157189,0x2f376aca5dc5253ec6cc8dd3c0b2d97700d217a425c8a30ba00fec7d6e5187a9,NewSale
0x4Cf8ae103279EBA5495ecF192e01f91e62ad0247,81939,0xbc2d6E7c81E7f35473b3594031FCC4c519fD24Ad,0,0x11925475ebd17c662409d2c0c352f144ab1ca637,1,200000000000000,72152766,135778,5011227,1743157205,0x1f4b900cb83b494e43aed3451ea1ff99d86566bdf9645f62d2612058e5f9dcff,NewSale
0x529F71B8285ECbabF59359e9284E98AD05e683E7,81946,0xbc2d6E7c81E7f35473b3594031FCC4c519fD24Ad,1,0x64f7c019021ac74a68d90d08491ca43b2a632e71,1,17340000000000000000,71491591,161354,5011231,1743157213,0xd8c05e084be83f50d55fb6fe6038de0e704dcf7a5e70d2cba2d30e5af457f550,NewSale
0xeF0Ef28b882d166B732d00A01Ea762B9CCd3FE44,81929,0xbc2d6E7c81E7f35473b3594031FCC4c519fD24Ad,1,0xa8a3ecddb6e37fc7f390e3f7d9ab91617e4b8013,1,230000000000000,72152786,142189,5011246,1743157243,0xfda311f4db7ddd4d473058a25925cb61a1945776fdff5abe4186946c095cd942,NewSale
0x529F71B8285ECbabF59359e9284E98AD05e683E7,81946,0xbc2d6E7c81E7f35473b3594031FCC4c519fD24Ad,1,0x64f7c019021ac74a68d90d08491ca43b2a632e71,1,17340000000000000000,72096677,161354,5011270,1743157291,0x17561130e5c528c7d7cfe5dc63b8eebbf52c0c0ae04171a4df4909c2187eadac,NewSale
0x9361f62a68a31a8E437d8F54257699dD26Ef4fC5,81819,0xdc0F91C5a4D200FfC21658901c77c0fE1A14d199,0,0xb2a5741a365c710267ec91a7da7eabedee1ac552,1,1700000,73190000,186568,5011281,1743157313,0xc31daaf36e17d6767c12d1649b8089ad4aede418fbd3ca082852dfcb68862468,NewSale
0x529F71B8285ECbabF59359e9284E98AD05e683E7,81946,0xbc2d6E7c81E7f35473b3594031FCC4c519fD24Ad,1,0x64f7c019021ac74a68d90d08491ca43b2a632e71,1,17340000000000000000,71852668,161354,5011307,1743157365,0xfd19009f06a7d5653c77b362859900b25b487540f991eaa1f855dfb3fcaf76eb,NewSale
0x529F71B8285ECbabF59359e9284E98AD05e683E7,81946,0xbc2d6E7c81E7f35473b3594031FCC4c519fD24Ad,1,0x64f7c019021ac74a68d90d08491ca43b2a632e71,1,17340000000000000000,71093441,161354,5011330,1743157411,0x8608d822c5d5a47d3e8f51bc41499f259a65b0d551ee520f0aad6d0080382653,NewSale
0x529F71B8285ECbabF59359e9284E98AD05e683E7,81946,0xbc2d6E7c81E7f35473b3594031FCC4c519fD24Ad,1,0x64f7c019021ac74a68d90d08491ca43b2a632e71,1,17340000000000000000,70100313,161354,5011353,1743157457,0xd119c604e6b853bea8fe10dee096f370b6bea19061b2bb8d6e930f4ef6eff129,NewSale
0x529F71B8285ECbabF59359e9284E98AD05e683E7,81946,0xbc2d6E7c81E7f35473b3594031FCC4c519fD24Ad,1,0x64f7c019021ac74a68d90d08491ca43b2a632e71,1,17340000000000000000,70064165,161354,5011376,1743157503,0x7eaad2608dc9f9ffa2b71b4abad85a5b8da54ccf25f5512a1c98a96da271636e,NewSale
0x11925475EBd17C662409d2c0c352f144AB1cA637,81947,0xbc2d6E7c81E7f35473b3594031FCC4c519fD24Ad,1,0xa8a3ecddb6e37fc7f390e3f7d9ab91617e4b8013,1,200000000000000,69646432,140578,5011391,1743157533,0x2a4e17e1a0c169965a56595c4024adbd7285bc22f32954d61386531de3d78348,NewSale
0x529F71B8285ECbabF59359e9284E98AD05e683E7,81946,0xbc2d6E7c81E7f35473b3594031FCC4c519fD24Ad,1,0x64f7c019021ac74a68d90d08491ca43b2a632e71,1,17340000000000000000,69823471,161354,5011399,1743157549,0xd5ab672c8a736abf7e540be15d464695bc7a70b026263ef87f44333dd6ef0282,NewSale
0x4feCe536Bd6048F8aEF0c852C6270434db93373F,81954,0xbc2d6E7c81E7f35473b3594031FCC4c519fD24Ad,1,0xbcb210ee8f825338ac74be2a9c902d87f271a3ea,1,249000000000000,70760000,135778,5011407,1743157565,0x314197e3f6da62897e630691125551f52f5fce1ae455f8b7a8a818dc0ac90da1,NewSale
0x11925475EBd17C662409d2c0c352f144AB1cA637,81956,0xbc2d6E7c81E7f35473b3594031FCC4c519fD24Ad,0,0xc0448ced034213c2e78c4bb287ef2526ddf7810a,1,200000000000000,69717614,157678,5011414,1743157579,0xb74a917cc523141eb07de0323a8f1f43c26133c3e914ec6b3e23f253c9e22e1c,NewSale
0x529F71B8285ECbabF59359e9284E98AD05e683E7,81946,0xbc2d6E7c81E7f35473b3594031FCC4c519fD24Ad,1,0x64f7c019021ac74a68d90d08491ca43b2a632e71,1,17340000000000000000,69126281,161354,5011422,1743157595,0xf27e3c96e117b4d87c4e764053b3e5c693d01bdae84d2d560db3d3a7083aeddd,NewSale
0x1f38FD1BAD34290f47e15b656cdF6cb8489b4d2a,81952,0xbc2d6E7c81E7f35473b3594031FCC4c519fD24Ad,1,0x24e9ae4b24c000f10fefc003f240aba60332b0a3,1,249000000000000,70124363,152866,5011427,1743157605,0x90e30fed566a5888e1512d37419b02b0ba9cd176c2dbfa6778bcec62d2655b4b,NewSale
0xA8F02C6B221d01F8a6d8adBC88A5F85b8569CD8E,81766,0xDfC21bE7cC791a5f03A95E836D385bBC6d7dF384,1286,0x69155e7ca2e688ccdc247f6c4ddf374b3ae77bd6,1,500000000000000,70040000,155258,5011442,1743157635,0xeb1af70e9d174130cd68c208f622fd7ad8473243adb99cfb9c60296cf9bbc52e,NewSale
0x529F71B8285ECbabF59359e9284E98AD05e683E7,81946,0xbc2d6E7c81E7f35473b3594031FCC4c519fD24Ad,1,0x64f7c019021ac74a68d90d08491ca43b2a632e71,1,17340000000000000000,68466014,161354,5011444,1743157639,0x4463d5947e9a97f2613acada70f76948d550c5206cf19bf1cc60876825150040,NewSale
0x1Ca68Df3660fB8db030904daA3770A48c6f6C6F8,81808,0xbc2d6E7c81E7f35473b3594031FCC4c519fD24Ad,1,0x20c7e73a5f769700f429e19b23633dba52ca0c35,1,249900000000000,69490957,152866,5011445,1743157641,0x3f355d6a9e27257a87dd324bf4d5e107abb871b995252dde477fbaa2676297f9,NewSale
0x529F71B8285ECbabF59359e9284E98AD05e683E7,81946,0xbc2d6E7c81E7f35473b3594031FCC4c519fD24Ad,1,0x64f7c019021ac74a68d90d08491ca43b2a632e71,1,17340000000000000000,67939284,161354,5011467,1743157685,0xf65eeb1980629e32cddeb8b91932388478273dcd20bf943a96f8c4c7203c5b83,NewSale
0x529F71B8285ECbabF59359e9284E98AD05e683E7,81946,0xbc2d6E7c81E7f35473b3594031FCC4c519fD24Ad,1,0x64f7c019021ac74a68d90d08491ca43b2a632e71,1,17340000000000000000,67376304,161354,5011490,1743157731,0x260db40bd6fe93c6232a00a5dc1af7bbea57ad3fd3c5ec2b06226090d66dd1dc,NewSale
0x5fE58DB3FB96991cA5a0B853C5f39D150532aC0e,81951,0x02e21A25F0038fa5BDEe9c0b77aC0c1E84d3d6f0,2244,0xbcb210ee8f825338ac74be2a9c902d87f271a3ea,1,400000000000000,68220000,138146,5011505,1743157761,0x01e5cd1b201d6368489dfd75d3252c4c709cc9fcecafca6428d457002c532f97,NewSale
0x11925475EBd17C662409d2c0c352f144AB1cA637,81949,0xbc2d6E7c81E7f35473b3594031FCC4c519fD24Ad,1,0x1468b997b2b31bd5251842c2e213e954ce0615b4,1,200000000000000,67796412,152878,5011505,1743157761,0x58d47acd34b5dba931ed0927ab26272b1032c740b73c923a4c21efbc8cf49b9c,NewSale
0xC0448ceD034213c2E78c4bB287Ef2526DdF7810a,81964,0xbc2d6E7c81E7f35473b3594031FCC4c519fD24Ad,0,0xa8545597a94eb4ae8854d9946ad043b6e08b5ad3,1,190000000000000,66981765,135778,5011507,1743157765,0x393feb3897db10932196b81d3f4b8966ff8211d9f2a2ccaa4e186f2fa41c1339,NewSale
0xeF0Ef28b882d166B732d00A01Ea762B9CCd3FE44,81680,0xbc2d6E7c81E7f35473b3594031FCC4c519fD24Ad,1,0x8ae8246142f6b3fbd74ffbe0b6ee0318a47e3e02,1,245000000000000,70000000,159289,5011510,1743157771,0xbcb9d44e29ff9bac0069ef8a94ad0ead9637a6a4356cab0999a97dfb26a9d41d,NewSale
0x529F71B8285ECbabF59359e9284E98AD05e683E7,81946,0xbc2d6E7c81E7f35473b3594031FCC4c519fD24Ad,1,0x64f7c019021ac74a68d90d08491ca43b2a632e71,1,17340000000000000000,66904901,161354,5011513,1743157777,0x2e6d88aec49f3957a2883afa801138809b6db9d7c1500731a8bc985c3a6cf090,NewSale
0x11925475EBd17C662409d2c0c352f144AB1cA637,81961,0xbc2d6E7c81E7f35473b3594031FCC4c519fD24Ad,0,0xa8545597a94eb4ae8854d9946ad043b6e08b5ad3,1,200000000000000,66522983,140578,5011533,1743157817,0xb6438552fa92ade67b4a059912476b10914cd84d299e511be3ab193e906f65f2,NewSale
0x9361f62a68a31a8E437d8F54257699dD26Ef4fC5,81921,0xdc0F91C5a4D200FfC21658901c77c0fE1A14d199,0,0xcde9527bf89c7065d45c15e50165081d895fe2e7,1,620000000000000,67870000,150183,5011536,1743157823,0xc19f462cd5e48ca6fca4fb7df6682b015482395947b6ec97d134206859476eb3,NewSale
0x529F71B8285ECbabF59359e9284E98AD05e683E7,81946,0xbc2d6E7c81E7f35473b3594031FCC4c519fD24Ad,1,0x64f7c019021ac74a68d90d08491ca43b2a632e71,1,17340000000000000000,66806643,161354,5011536,1743157823,0x96970d5bfcd756d4ed25017def1c3967410fa916b3bbba1f5741588bcd40bc7b,NewSale
0x65151A6343b16c38286f31fcC93e20246629cF8c,81953,0xdc0F91C5a4D200FfC21658901c77c0fE1A14d199,0,0xbcb210ee8f825338ac74be2a9c902d87f271a3ea,1,630000000000000,67570000,167283,5011541,1743157833,0xa1150a29c145c0f9d1d9c9ec96efca09521f56b06cec508a0c43f7149da620ad,NewSale
0xeF0Ef28b882d166B732d00A01Ea762B9CCd3FE44,81929,0xbc2d6E7c81E7f35473b3594031FCC4c519fD24Ad,1,0xa8545597a94eb4ae8854d9946ad043b6e08b5ad3,1,230000000000000,66882584,159289,5011551,1743157853,0x4e3537854ea1b882826cc361586badf3b0986ddce3e78b56e55d07df936b24f1,NewSale
0x529F71B8285ECbabF59359e9284E98AD05e683E7,81946,0xbc2d6E7c81E7f35473b3594031FCC4c519fD24Ad,1,0x64f7c019021ac74a68d90d08491ca43b2a632e71,1,17340000000000000000,66717238,154943,5011558,1743157867,0x8f3f034c47216e43a6361a548149456faf19d35db6704b233c6bfd49dc5827b0,NewSale
0xe49d948F7182ac6B14b5069137821ECD2c81A0F6,81944,0xbc2d6E7c81E7f35473b3594031FCC4c519fD24Ad,1,0xd493f2dcecff45dbd98eaa960321a4938fee2628,1,249000000000000,67758533,152878,5011561,1743157873,0x8c41284e955bb22710fa72c61a26ab42bc7a788267782652c875411d99818c8e,NewSale
0xeF0Ef28b882d166B732d00A01Ea762B9CCd3FE44,81929,0xbc2d6E7c81E7f35473b3594031FCC4c519fD24Ad,1,0x1468b997b2b31bd5251842c2e213e954ce0615b4,1,230000000000000,67315071,142189,5011568,1743157887,0x5c75fa9ebb6019ef610bce8d553ce289f6edda1b543dca2d9207b451e9ee61ac,NewSale
0xeF0Ef28b882d166B732d00A01Ea762B9CCd3FE44,81680,0xbc2d6E7c81E7f35473b3594031FCC4c519fD24Ad,1,0x1468b997b2b31bd5251842c2e213e954ce0615b4,1,245000000000000,67145827,142189,5011587,1743157925,0xdcfe45b5f173026d160151f08445d844c709c0e59b126b038d5dae6e1ebdf9a7,NewSale
0xeF0Ef28b882d166B732d00A01Ea762B9CCd3FE44,81929,0xbc2d6E7c81E7f35473b3594031FCC4c519fD24Ad,1,0x2fa5fcc93ac9b373ef0065708330f7cac493fea7,1,230000000000000,66181010,159277,5011588,1743157927,0x95585df33241e997d2fdc00a29970378050d0883a20033b86753a55e5a64b207,NewSale
0x60E7Ae0271c6E94E9750a9A9B9FA8197Fd193cfd,81963,0xbc2d6E7c81E7f35473b3594031FCC4c519fD24Ad,1,0xbdb4af96f8bf944e03b380a9df926ca19d91d971,1,249000000000000,67110000,135778,5011598,1743157947,0x2a6450dd2a29686c279e66fe8fbf6ae0102ea6f7e19667ac6868ed8c77467571,NewSale
0x675FE8A4c1175400A2c4B6389f72a664Fb916631,81873,0xbc2d6E7c81E7f35473b3594031FCC4c519fD24Ad,1,0x1468b997b2b31bd5251842c2e213e954ce0615b4,1,249000000000000,66810575,135778,5011607,1743157965,0x5fc9317c2cc0af79bbd72edc4128af1ad6cd3bf82dc0da97afeaa4611a57dc81,NewSale
0xeF0Ef28b882d166B732d00A01Ea762B9CCd3FE44,81929,0xbc2d6E7c81E7f35473b3594031FCC4c519fD24Ad,1,0xa8545597a94eb4ae8854d9946ad043b6e08b5ad3,1,230000000000000,65959544,142189,5011608,1743157967,0x4588372253457941a6357c613e36777563c0bc3962ee3de7947ea57ed1a94f70,NewSale
0x44303a2555645fd5b35e09bd0498bcD1d20B1512,81950,0xbc2d6E7c81E7f35473b3594031FCC4c519fD24Ad,1,0xd493f2dcecff45dbd98eaa960321a4938fee2628,1,249000000000000,66351081,135778,5011631,1743158013,0x39b0521575b1cc5fefe0ba0ba442a92cdc23a22c81c975271127d3bb0784ee73,NewSale
0xeF0Ef28b882d166B732d00A01Ea762B9CCd3FE44,81680,0xbc2d6E7c81E7f35473b3594031FCC4c519fD24Ad,1,0xa8545597a94eb4ae8854d9946ad043b6e08b5ad3,1,245000000000000,65362338,142189,5011633,1743158017,0xfdbde629bd678ce564deaf5ddefb1d3caebb52308342c9197262f4c62d702f36,NewSale
0xeF0Ef28b882d166B732d00A01Ea762B9CCd3FE44,81680,0xbc2d6E7c81E7f35473b3594031FCC4c519fD24Ad,1,0x1468b997b2b31bd5251842c2e213e954ce0615b4,1,245000000000000,66274800,140578,5011635,1743158021,0x49825b74b15c6c1e02c0c993123dc91020d22d19bfcb228f2829873a3cabe999,NewSale
0x64f7C019021aC74A68D90D08491Ca43b2a632E71,81969,0xbc2d6E7c81E7f35473b3594031FCC4c519fD24Ad,1,0x529f71b8285ecbabf59359e9284e98ad05e683e7,1,17000000000000000000,64782031,178454,5011649,1743158049,0x5ee76d0563156077d7a31035fd2b87d54576737f78e9a8d8b3910f61814cbc48,NewSale
0xeF0Ef28b882d166B732d00A01Ea762B9CCd3FE44,81929,0xbc2d6E7c81E7f35473b3594031FCC4c519fD24Ad,1,0xa8545597a94eb4ae8854d9946ad043b6e08b5ad3,1,230000000000000,65140893,142189,5011651,1743158053,0x8246ab9a6ed8b52bd85d684f52fe2611f4d6354dc15d5c668915eeca60e38e49,NewSale
0x399AcaDe61dCc52B3Ed88bdA02048b99577254ef,81780,0xbc2d6E7c81E7f35473b3594031FCC4c519fD24Ad,1,0x1468b997b2b31bd5251842c2e213e954ce0615b4,1,249900000000000,65765790,135778,5011664,1743158079,0x470cd60cd3930af5e8ee02c9c6015a0c304f3281be0968e765332eac418b18c1,NewSale
0xeF0Ef28b882d166B732d00A01Ea762B9CCd3FE44,81929,0xbc2d6E7c81E7f35473b3594031FCC4c519fD24Ad,1,0x2fa5fcc93ac9b373ef0065708330f7cac493fea7,1,230000000000000,64865790,142177,5011664,1743158079,0xe00b63cbeafb85ed2170696ec0661649e3349ba56983209f10ac2ffc95c25dc4,NewSale
0x39bb9eE31d7e8DE0b81056566E906770B54Aa7a2,81811,0xbc2d6E7c81E7f35473b3594031FCC4c519fD24Ad,1,0xc6059845775de0b994dcbf567b3f2546144cf5fb,1,249900000000000,64988853,152878,5011667,1743158085,0x77451ba201a4d4c79a2ff5c0beb3fa9a2151656084182e6a94defc1f7bdb287c,NewSale
0x64f7C019021aC74A68D90D08491Ca43b2a632E71,81969,0xbc2d6E7c81E7f35473b3594031FCC4c519fD24Ad,1,0x529f71b8285ecbabf59359e9284e98ad05e683e7,1,17000000000000000000,65001003,161354,5011671,1743158093,0x1a9d6a5a5c71e232d9ef6ed5f6e8cffdf66c2103c558606162eb97e5b04b001c,NewSale
0x11925475EBd17C662409d2c0c352f144AB1cA637,81972,0xbc2d6E7c81E7f35473b3594031FCC4c519fD24Ad,0,0x2fa5fcc93ac9b373ef0065708330f7cac493fea7,1,200000000000000,64944392,140566,5011681,1743158113,0xe14049db9ade28c0ee89b3b7a27a0dfabc05a543f9cbd1cdfdafe136629bd0f2,NewSale
0xc7Dd581B4c5F5eeEeba7C756875c1F65fcbC5d8E,81825,0xbc2d6E7c81E7f35473b3594031FCC4c519fD24Ad,1,0xc6059845775de0b994dcbf567b3f2546144cf5fb,1,249900000000000,65191900,135778,5011691,1743158133,0x539e3361c9f3c47e9719e20333f397216f199909fe78c89fb233345a472b560c,NewSale
0x64f7C019021aC74A68D90D08491Ca43b2a632E71,81969,0xbc2d6E7c81E7f35473b3594031FCC4c519fD24Ad,1,0x529f71b8285ecbabf59359e9284e98ad05e683e7,1,17000000000000000000,65131382,161354,5011694,1743158139,0xd26e6e7422d3b2e189a94c72575c3fcce2d72a6f86ee72f1a64a800c818543bd,NewSale
0xeF0Ef28b882d166B732d00A01Ea762B9CCd3FE44,81929,0xbc2d6E7c81E7f35473b3594031FCC4c519fD24Ad,1,0x2fa5fcc93ac9b373ef0065708330f7cac493fea7,1,230000000000000,64894578,142177,5011704,1743158159,0x539c43af8a9dd445d0ffcf789b254d85d928c0d1a3a074ec4fff213132d486b8,NewSale
0x64f7C019021aC74A68D90D08491Ca43b2a632E71,81969,0xbc2d6E7c81E7f35473b3594031FCC4c519fD24Ad,1,0x529f71b8285ecbabf59359e9284e98ad05e683e7,1,17000000000000000000,65020969,161354,5011717,1743158185,0x924273b1e818ff734781862c46a02fff69c4d3487ef44f5b597cd46dac63fe1e,NewSale
0x06973767b6855a9AEffA72725BEFf2ac2724b0cC,79181,0xbc2d6E7c81E7f35473b3594031FCC4c519fD24Ad,0,0xc6059845775de0b994dcbf567b3f2546144cf5fb,1,260000000000000,64940784,140578,5011721,1743158193,0xef327d377a48b421d54fcb1c86f82588c8b9d5cd590dcfbc54a44e4050a27a72,NewSale
0xeF0Ef28b882d166B732d00A01Ea762B9CCd3FE44,81929,0xbc2d6E7c81E7f35473b3594031FCC4c519fD24Ad,1,0x2fa5fcc93ac9b373ef0065708330f7cac493fea7,1,230000000000000,64764543,135766,5011725,1743158201,0x9ed019362856b4c1da2e871995466a51a44c51e656f14f713f3007dd74d738ca,NewSale
0x64f7C019021aC74A68D90D08491Ca43b2a632E71,81969,0xbc2d6E7c81E7f35473b3594031FCC4c519fD24Ad,1,0x529f71b8285ecbabf59359e9284e98ad05e683e7,1,17000000000000000000,64215432,161354,5011740,1743158231,0xd499091e8b18a629b82fd45a5bdfdcb6eb1ec4e5556249859fb796c72266ec28,NewSale
0x11925475EBd17C662409d2c0c352f144AB1cA637,81975,0xbc2d6E7c81E7f35473b3594031FCC4c519fD24Ad,0,0x2fa5fcc93ac9b373ef0065708330f7cac493fea7,1,200000000000000,64095205,135766,5011745,1743158241,0xd400bf0cf1a2d5748a02d22d648c523f14ec153978c3063e99e25a5d1b149a63,NewSale
0x6c69144Cf6EcFE3AD94B8eEF0E200BAcE1151E70,81795,0xbFCACb23F0B41EeEDFf7d04f52CE8f5125150806,8,0x963847b68c836b3d19b4ecbaf07f59a461b3e341,1,474000000000000,63910908,162483,5011748,1743158247,0xc5240d62f52b8c795b8aca0fb2c51dbcb9d33791af58e1f71333e2412b7c1851,NewSale
0x80Af0A1265FDFD4fdD2aa84E424f80973D0E6fB7,81131,0xbc2d6E7c81E7f35473b3594031FCC4c519fD24Ad,0,0xc6059845775de0b994dcbf567b3f2546144cf5fb,1,260000000000000,63817743,140578,5011750,1743158251,0xbc080e5ffa38ede4de0407822fdf611ca44a1dbaa57a1ed56c4d0ffbd2d316cc,NewSale
0x64f7C019021aC74A68D90D08491Ca43b2a632E71,81969,0xbc2d6E7c81E7f35473b3594031FCC4c519fD24Ad,1,0x529f71b8285ecbabf59359e9284e98ad05e683e7,1,17000000000000000000,63156699,161354,5011763,1743158277,0x106f8a0faf1bd6adc9a6471f3453d425f59799e680a213b6165adf1f09f35627,NewSale
0x79040ce529B2856280529C86711c5604c6c8Ca4C,81920,0xbc2d6E7c81E7f35473b3594031FCC4c519fD24Ad,1,0x2fa5fcc93ac9b373ef0065708330f7cac493fea7,1,249000000000000,62590806,135754,5011777,1743158305,0x18449f1f02548f320eade9d2ad3f09ceb7b13112d920c92b260e9136eae5c2b6,NewSale
0x64f7C019021aC74A68D90D08491Ca43b2a632E71,81969,0xbc2d6E7c81E7f35473b3594031FCC4c519fD24Ad,1,0x529f71b8285ecbabf59359e9284e98ad05e683e7,1,17000000000000000000,62144407,161354,5011786,1743158323,0x4117724be8e929c0fe4f8352ea2eaedbd4fd11617703418943cf4e037655ad73,NewSale
0x7Bc623f65dDCb8bDC19251C481A76187Fcb92497,81957,0xbc2d6E7c81E7f35473b3594031FCC4c519fD24Ad,1,0x2fa5fcc93ac9b373ef0065708330f7cac493fea7,1,249000000000000,61911621,135766,5011796,1743158343,0x8b8139f6fee3f5cd4a627bc817d5340d1c5677ca335430afd09b743f1e6a2622,NewSale
0xA3272524Fb033f407679f9A2324D1C73A9108fD6,81843,0xbc2d6E7c81E7f35473b3594031FCC4c519fD24Ad,1,0xc6059845775de0b994dcbf567b3f2546144cf5fb,1,249900000000000,61697580,135778,5011806,1743158363,0xff649a14610a950d61eecd31edfd948297babb52f61237090be0b19b3caebef3,NewSale
0x64f7C019021aC74A68D90D08491Ca43b2a632E71,81969,0xbc2d6E7c81E7f35473b3594031FCC4c519fD24Ad,1,0x529f71b8285ecbabf59359e9284e98ad05e683e7,1,17000000000000000000,61557257,161354,5011809,1743158369,0x32c338a6a24d9289cece70754cff42f2fc148aade53f627fcab4acc69ecacc1b,NewSale
0x2d4552897c519775561d3871304817b8dDd0D124,81689,0xbc2d6E7c81E7f35473b3594031FCC4c519fD24Ad,1,0x2fa5fcc93ac9b373ef0065708330f7cac493fea7,1,249900000000000,61731576,135766,5011814,1743158379,0x05ef5a05cc7ccf469ade9bcf4de4136e14bf6ec9755bceb53b21d8c99c3fca0f,NewSale
0xD2B82978E4B71681508704EBc06d8615A064eD90,81552,0xbc2d6E7c81E7f35473b3594031FCC4c519fD24Ad,0,0xa8a3ecddb6e37fc7f390e3f7d9ab91617e4b8013,1,250000000000000,61772439,140578,5011815,1743158381,0xfdfcc5e9bdf038c4b99a1df267c271c628edb4268f1de235fe66e17d7595fb8e,NewSale
0x60a37Ac6cF2EA11170A44a3f6da5C179C5523EE8,81905,0xbc2d6E7c81E7f35473b3594031FCC4c519fD24Ad,1,0xc6059845775de0b994dcbf567b3f2546144cf5fb,1,249900000000000,61241165,135778,5011830,1743158411,0x221dda38a79698db54babafa2af1ba1700975e36de6dc090e47874855e437979,NewSale
0x64f7C019021aC74A68D90D08491Ca43b2a632E71,81969,0xbc2d6E7c81E7f35473b3594031FCC4c519fD24Ad,1,0x529f71b8285ecbabf59359e9284e98ad05e683e7,1,17000000000000000000,61184507,161354,5011831,1743158413,0x76ef2ddca2c890f9c3d7c57651d937f2abf919114264c8032f462b4a736d2ae0,NewSale
0xC0DEc165A5d6e6766Fbc35c977f89535899D0411,77663,0xbc2d6E7c81E7f35473b3594031FCC4c519fD24Ad,0,0xc0448ced034213c2e78c4bb287ef2526ddf7810a,1,249999950000000,60698725,159301,5011844,1743158439,0xe529ed62aa125c0f1ad187179d0353a82198f6bdfd9860adc89ad89a6130b7f1,NewSale
0x4E9b53BFc5409F3147f372a401947E2A68Ac03Ee,81859,0xbc2d6E7c81E7f35473b3594031FCC4c519fD24Ad,0,0xc6059845775de0b994dcbf567b3f2546144cf5fb,1,250000000000000,60709734,140578,5011847,1743158445,0x5072ae30b435e84a52ee37ea242ff8464bbba45f1dfc499611ae9f9f066242ae,NewSale
0x64f7C019021aC74A68D90D08491Ca43b2a632E71,81969,0xbc2d6E7c81E7f35473b3594031FCC4c519fD24Ad,1,0x529f71b8285ecbabf59359e9284e98ad05e683e7,1,17000000000000000000,60513853,161354,5011855,1743158461,0x55fa54d00152ce64e27ac147c506b6cc8f0ca7f093e5e81c6a0651c929aa0457,NewSale
0xC0DEc165A5d6e6766Fbc35c977f89535899D0411,74893,0xbc2d6E7c81E7f35473b3594031FCC4c519fD24Ad,0,0xc6059845775de0b994dcbf567b3f2546144cf5fb,1,249999990000000,60330061,142201,5011868,1743158487,0x16fa745bd8115e73e7bce2062c0ba8741c9f567efcf585f215cd49a19bd21ec0,NewSale
0x41f07238C5096Eb7eb68c50FE8AE5AdDECBBF5C2,80638,0xbFCACb23F0B41EeEDFf7d04f52CE8f5125150806,7,0x963847b68c836b3d19b4ecbaf07f59a461b3e341,1,500000000000000,60290384,164783,5011869,1743158489,0x18b2fcc05f9e9b2128a70900db444d32442da1c99582d9b6cb639ee85cf5fcb3,NewSale
0x64f7C019021aC74A68D90D08491Ca43b2a632E71,81969,0xbc2d6E7c81E7f35473b3594031FCC4c519fD24Ad,1,0x529f71b8285ecbabf59359e9284e98ad05e683e7,1,17000000000000000000,60337625,161354,5011877,1743158505,0x9f2c4d63847bd48640488a01012cdbc6762175bad2bb8087efa781a726b52446,NewSale
0xBe53a6b19fBc6EBf523A3058CfA3E596cb3DD8dE,81805,0xbc2d6E7c81E7f35473b3594031FCC4c519fD24Ad,1,0xe2e6deb499ce4c29f09afd4ef01aec4d99fa013b,1,249900000000000,61200104,152878,5011886,1743158523,0xe841876d1a47d856295064dbd992531e22b50d7a7aa9ce6833c8f798249fd7d0,NewSale
0x6ddD1CAebbf83aCf28ddd10EBdf4caC460D9F1f9,79268,0xEB255E4669Da7FeEf1F746a5a778b4e08b65a1A7,0,0x3919c715c543f8d83d7a4d52606bbf7f46248e11,1,400000000000000,60048802,167271,5011889,1743158529,0xe84b21027bae64abbb89cdea5c0e85ed97f8f4c4749cf3e08b1dd7df438ad917,NewSale
0x64f7C019021aC74A68D90D08491Ca43b2a632E71,81969,0xbc2d6E7c81E7f35473b3594031FCC4c519fD24Ad,1,0x529f71b8285ecbabf59359e9284e98ad05e683e7,1,17000000000000000000,59983699,161354,5011900,1743158551,0x599e2a1193c13a4e319d453ac87ea7ace8c5a42d6d3b6b3e84bc1c828f8c42e0,NewSale
0x6ddD1CAebbf83aCf28ddd10EBdf4caC460D9F1f9,79288,0xEB255E4669Da7FeEf1F746a5a778b4e08b65a1A7,0,0x3919c715c543f8d83d7a4d52606bbf7f46248e11,1,400000000000000,59898868,150171,5011910,1743158571,0x4c96d4e8002e87ed12ea9c8f9aae1d6b2a319df458f295c0b677e095ea4edcc3,NewSale
0x64f7C019021aC74A68D90D08491Ca43b2a632E71,81969,0xbc2d6E7c81E7f35473b3594031FCC4c519fD24Ad,1,0x529f71b8285ecbabf59359e9284e98ad05e683e7,1,17000000000000000000,59786875,161354,5011922,1743158595,0xcff1608026bae9ee6c5c97287052ba42a8bc129129ab2aac71a9275fb0e3e27b,NewSale
0xc61c71a88104821E59c33a3B634F7646E4A33F21,80056,0xEB255E4669Da7FeEf1F746a5a778b4e08b65a1A7,0,0x3919c715c543f8d83d7a4d52606bbf7f46248e11,1,400000000000000,59571458,145371,5011934,1743158619,0x155d9f61392cabbc2ef45c05746d082afe07a643ceee5f323f46d7f5eb1862e0,NewSale
0x76f468A351c3DFED6FAD1bBa5e1098E231cd76b3,81797,0xbc2d6E7c81E7f35473b3594031FCC4c519fD24Ad,1,0xc6059845775de0b994dcbf567b3f2546144cf5fb,1,249900000000000,59582025,135778,5011940,1743158631,0x48c4451c337d708aaa262f159ecd191d49ce6b1b24c4fdb96075b45061bd0620,NewSale
0x64f7C019021aC74A68D90D08491Ca43b2a632E71,81969,0xbc2d6E7c81E7f35473b3594031FCC4c519fD24Ad,1,0x529f71b8285ecbabf59359e9284e98ad05e683e7,1,17000000000000000000,59568170,161354,5011945,1743158641,0x94962c0a7b082bf55bdb3fe7c588f5f9cc631dcbb5a9d5e7d8a86b33e44534a3,NewSale
0x6ddD1CAebbf83aCf28ddd10EBdf4caC460D9F1f9,79290,0xEB255E4669Da7FeEf1F746a5a778b4e08b65a1A7,0,0x3919c715c543f8d83d7a4d52606bbf7f46248e11,1,450000000000000,59463648,150183,5011949,1743158649,0x194e771445b5b4ba890b9e2402d79957a10acc903e3b11eb0d6a657b779fe8e5,NewSale
0x7C99352ddF1d33823603c35b3d8219Fe6df31216,81852,0xbc2d6E7c81E7f35473b3594031FCC4c519fD24Ad,1,0x1468b997b2b31bd5251842c2e213e954ce0615b4,1,249900000000000,60205128,135778,5011966,1743158683,0x66f9ae76237f8d8f37ede888646687917f4416da7c7b2b73411cc532bf299c16,NewSale
0xc799DD327b5D6c6E4Ed5bbEC510b49A1ce4bB6d7,81558,0xEB255E4669Da7FeEf1F746a5a778b4e08b65a1A7,0,0x3919c715c543f8d83d7a4d52606bbf7f46248e11,1,400000000000000,59305128,150171,5011966,1743158683,0xecdb015e37750ee2adb4db8528cd75bdfe9d7332c590d74a9669c7540b711361,NewSale
0x64f7C019021aC74A68D90D08491Ca43b2a632E71,81969,0xbc2d6E7c81E7f35473b3594031FCC4c519fD24Ad,1,0x529f71b8285ecbabf59359e9284e98ad05e683e7,1,17000000000000000000,59248824,161354,5011968,1743158687,0x0f580bf943281fa1472d9e9baf09aa250bc727f6a2d2b29972a983d59db9acba,NewSale
0x41f07238C5096Eb7eb68c50FE8AE5AdDECBBF5C2,80640,0xbFCACb23F0B41EeEDFf7d04f52CE8f5125150806,5,0x963847b68c836b3d19b4ecbaf07f59a461b3e341,1,500000000000000,58957150,164771,5011975,1743158701,0x2dcdccf97487f378f3d570ca47379ec57d34a93381f775b806643a0c70625fb1,NewSale
0xE4f4BaEd82d30f2244fE1722aeda37dEF4B38Ddc,81973,0x02e21A25F0038fa5BDEe9c0b77aC0c1E84d3d6f0,2254,0xea0cdefd88c645a934ef58283130020066373917,1,490000000000000,60390000,155246,5011985,1743158721,0xcd95dd7be4ac8162b6162d23ac50187e06e0e8a3d3609d0620068a4e20c63fa3,NewSale
0xbAa9672503be4067CCc6eBB08BEe52af3e0b3b4C,80857,0x2Bf46D4497e98FbA2304B0d2453922FFf559Ea02,80,0xb7ea5af26e57cf224b22a77128ffd8e9e64cced5,1,590000000000000,58295658,164783,5011990,1743158731,0x81510212fbc7fec5f94a9110e1766174273f511d2c2fb13431c7a22b22ab7b31,NewSale
0x64f7C019021aC74A68D90D08491Ca43b2a632E71,81969,0xbc2d6E7c81E7f35473b3594031FCC4c519fD24Ad,1,0x529f71b8285ecbabf59359e9284e98ad05e683e7,1,17000000000000000000,58295658,161354,5011990,1743158731,0xd57a7f68717664ff401a3802120db1a66e00b252ecb4c1361b6059df4343990b,NewSale
0xE4f4BaEd82d30f2244fE1722aeda37dEF4B38Ddc,81974,0x02e21A25F0038fa5BDEe9c0b77aC0c1E84d3d6f0,2264,0xb22af3e80153816f63c0197af22fa3c11de93224,1,490000000000000,59380000,155258,5012007,1743158765,0xed43b36baa37b5f47dfdf6bd6b271027f0f92761efe08718c89102f522356d2e,NewSale
0x64f7C019021aC74A68D90D08491Ca43b2a632E71,81969,0xbc2d6E7c81E7f35473b3594031FCC4c519fD24Ad,1,0x529f71b8285ecbabf59359e9284e98ad05e683e7,1,17000000000000000000,57873826,154943,5012011,1743158773,0x15b01d02e77eac8bf336a20c8055b99f53c692ad0822c0a7eb85ec558d533b57,NewSale
0x41f07238C5096Eb7eb68c50FE8AE5AdDECBBF5C2,80634,0xbFCACb23F0B41EeEDFf7d04f52CE8f5125150806,11,0x963847b68c836b3d19b4ecbaf07f59a461b3e341,1,500000000000000,58019906,164783,5012014,1743158779,0x7d1b29f6c67d02ad93ebb59c8710007b45e7f2579651db068e55ef98a232d4f1,NewSale
0x57B7804c626F15a4C6c69936F37C679069F884e9,81821,0xbc2d6E7c81E7f35473b3594031FCC4c519fD24Ad,1,0xc6059845775de0b994dcbf567b3f2546144cf5fb,1,249900000000000,57488596,135778,5012031,1743158813,0xcc7761bd6d8f82b5de2df514aae01f0a163b9c03a24c7fc4b30bd4155853e092,NewSale
0xa8545597A94eB4AE8854D9946Ad043b6E08B5aD3,81985,0xbc2d6E7c81E7f35473b3594031FCC4c519fD24Ad,0,0x1468b997b2b31bd5251842c2e213e954ce0615b4,1,210000000000000,58152574,140578,5012041,1743158833,0x0fbd2e4398f1e0e11c7ed82fc7e3dc755cee40045f17824242c72f80ee25be62,NewSale
0xa8545597A94eB4AE8854D9946Ad043b6E08B5aD3,81983,0xbc2d6E7c81E7f35473b3594031FCC4c519fD24Ad,1,0xb22af3e80153816f63c0197af22fa3c11de93224,1,230000000000000,58590000,157678,5012045,1743158841,0x4603a254fd742980d72d5d6508abf55cb4aae565dc3ab05fcfe00791d835aea6,NewSale
0xF03996FBe4f14695b93f27c769e5291A682EE298,81579,0xbc2d6E7c81E7f35473b3594031FCC4c519fD24Ad,1,0xc6059845775de0b994dcbf567b3f2546144cf5fb,1,250000000000000,56208649,135778,5012073,1743158897,0x27bdc0b03523df094e0bcd475bea9a615171530dad8e327b03faef0b092f6f2b,NewSale
0xbAa9672503be4067CCc6eBB08BEe52af3e0b3b4C,80381,0x2Bf46D4497e98FbA2304B0d2453922FFf559Ea02,0,0xb7ea5af26e57cf224b22a77128ffd8e9e64cced5,1,690000000000000,56330833,164783,5012080,1743158911,0x63b883201a69f00b8137dfdc7a6cf698143424d002ca6af4832fe1d234cd964e,NewSale
0xC0448ceD034213c2E78c4bB287Ef2526DdF7810a,81980,0xbc2d6E7c81E7f35473b3594031FCC4c519fD24Ad,0,0xb22af3e80153816f63c0197af22fa3c11de93224,1,245000000000000,128210000,152878,5012088,1743158927,0xdfbb2fe8ee1d8e7c392fafd213efff2f1054898e9d143d0f29b6e9c033657cc8,NewSale
0xC0DEc165A5d6e6766Fbc35c977f89535899D0411,77661,0xbc2d6E7c81E7f35473b3594031FCC4c519fD24Ad,0,0xc6059845775de0b994dcbf567b3f2546144cf5fb,1,249999970000000,56544170,142201,5012092,1743158935,0x0ad2946108d531d690abc2fb3aa2fdb2e7a9c91b92bf8cb546f4580846e3b8ec,NewSale
0x529F71B8285ECbabF59359e9284E98AD05e683E7,82000,0xbc2d6E7c81E7f35473b3594031FCC4c519fD24Ad,1,0x64f7c019021ac74a68d90d08491ca43b2a632e71,1,17170000000000000000,56462253,178454,5012103,1743158957,0xd9c0a3da4930192e5ea18b34c065a76bad4206f005d62a0e204968fc296f806c,NewSale
0x6ddD1CAebbf83aCf28ddd10EBdf4caC460D9F1f9,79294,0xEB255E4669Da7FeEf1F746a5a778b4e08b65a1A7,0,0x3919c715c543f8d83d7a4d52606bbf7f46248e11,1,450000000000000,56369270,145383,5012106,1743158963,0xe3d8bbfe67945b4459423e686daae6b6282fb5e14fe0a87973ab179d90ed3644,NewSale
0xa8545597A94eB4AE8854D9946Ad043b6E08B5aD3,82003,0xbc2d6E7c81E7f35473b3594031FCC4c519fD24Ad,1,0xe2e6deb499ce4c29f09afd4ef01aec4d99fa013b,1,200000000000000,57350000,140578,5012107,1743158965,0x66cb4ce4db912252e6c8a69c68f43dd36cab28bf3ebb9e26fc3ab049e75dc190,NewSale
0x2FA5fCC93Ac9B373EF0065708330f7Cac493fEa7,81986,0xbc2d6E7c81E7f35473b3594031FCC4c519fD24Ad,0,0xe2e6deb499ce4c29f09afd4ef01aec4d99fa013b,1,240000000000000,57380000,140566,5012118,1743158987,0x218362b73119d393112c721e3ffc6fce04ae9b17a742183254b125304a30939b,NewSale
0xD2B82978E4B71681508704EBc06d8615A064eD90,81483,0xbc2d6E7c81E7f35473b3594031FCC4c519fD24Ad,0,0xc6059845775de0b994dcbf567b3f2546144cf5fb,1,250000000000000,56119658,140578,5012126,1743159003,0x6d5fb6b9a0d6cc9092fd84a001a07d627cef72eb26c4a4c158559a46352fae33,NewSale
0x529F71B8285ECbabF59359e9284E98AD05e683E7,82000,0xbc2d6E7c81E7f35473b3594031FCC4c519fD24Ad,1,0x64f7c019021ac74a68d90d08491ca43b2a632e71,1,17170000000000000000,56119658,161354,5012126,1743159003,0xb88766835e22577029486c0406d6b99b3503b01a86f9b83809f2695da7837b57,NewSale
0x2FA5fCC93Ac9B373EF0065708330f7Cac493fEa7,81989,0xbc2d6E7c81E7f35473b3594031FCC4c519fD24Ad,0,0xe2e6deb499ce4c29f09afd4ef01aec4d99fa013b,1,240000000000000,57380000,140566,5012130,1743159011,0x28a1d41769ed42fec07d0770cc039289d276e595868a456fcebdd75f43ca6ccd,NewSale
0xbAa9672503be4067CCc6eBB08BEe52af3e0b3b4C,79872,0x2Bf46D4497e98FbA2304B0d2453922FFf559Ea02,58,0xb7ea5af26e57cf224b22a77128ffd8e9e64cced5,1,699900000000000,55985599,164771,5012134,1743159019,0x120652ce30c178d902b8d14801d19348ab0002cf18c28d0a9b941c734bb9426e,NewSale
0x2FA5fCC93Ac9B373EF0065708330f7Cac493fEa7,81997,0xbc2d6E7c81E7f35473b3594031FCC4c519fD24Ad,1,0xb22af3e80153816f63c0197af22fa3c11de93224,1,240000000000000,57080000,140566,5012141,1743159033,0xa3388768bf5ad341226bf5b64f0377efed9aa79e809951d2ee788cf7a6164783,NewSale
0xa8545597A94eB4AE8854D9946Ad043b6E08B5aD3,82006,0xbc2d6E7c81E7f35473b3594031FCC4c519fD24Ad,1,0xe2e6deb499ce4c29f09afd4ef01aec4d99fa013b,1,200000000000000,57040000,140578,5012143,1743159037,0xd47daa02b4c30c14993106cd5cbc3b27706fc67a54ba9039506d0542803be408,NewSale
0x529F71B8285ECbabF59359e9284E98AD05e683E7,82000,0xbc2d6E7c81E7f35473b3594031FCC4c519fD24Ad,1,0x64f7c019021ac74a68d90d08491ca43b2a632e71,1,17170000000000000000,55793559,161354,5012149,1743159049,0x86b39b6585c9eb0f465c447fcf098fea7e4b7d6ed9364843a3c758c0882cfec3,NewSale
0x2FA5fCC93Ac9B373EF0065708330f7Cac493fEa7,81999,0xbc2d6E7c81E7f35473b3594031FCC4c519fD24Ad,1,0x44aa86b5716a8ddc28edfe53e54a270b6aaebc5c,1,240000000000000,56800000,157666,5012150,1743159051,0x4b1372e78ce4b81acf58c5edeafdaf281f115ada75e311cd70dc08a1b611def2,NewSale
0x529F71B8285ECbabF59359e9284E98AD05e683E7,82000,0xbc2d6E7c81E7f35473b3594031FCC4c519fD24Ad,1,0x64f7c019021ac74a68d90d08491ca43b2a632e71,1,17170000000000000000,55345155,161354,5012172,1743159095,0x4b8e75db832bd03877636bd7b1899aae2c73a019ede69aa3bdf8ea7cd1ad94f4,NewSale
0x25817760F6707349c9bB9911c29224899b40AE4b,82004,0xbc2d6E7c81E7f35473b3594031FCC4c519fD24Ad,1,0x006903909b46e21c4f831a057b94763ef43bd2ff,1,249000000000000,55140120,152866,5012181,1743159113,0xbcb3d2e7297f93bdc84022285ba4ac0475c009b0d95e22dcab12f73fdc0bf715,NewSale
0xE2E6dEB499Ce4c29F09Afd4Ef01aeC4d99FA013b,82012,0xbc2d6E7c81E7f35473b3594031FCC4c519fD24Ad,0,0x006903909b46e21c4f831a057b94763ef43bd2ff,1,210000000000000,54733220,140566,5012193,1743159137,0xf5565aba4042c26c0c77dfe759ad0310db485a92e2093af3cb8c56f05a9931aa,NewSale
0x529F71B8285ECbabF59359e9284E98AD05e683E7,82000,0xbc2d6E7c81E7f35473b3594031FCC4c519fD24Ad,1,0x64f7c019021ac74a68d90d08491ca43b2a632e71,1,17170000000000000000,54680214,161354,5012195,1743159141,0x09dacba37633e4d05910e5b4484d0680213edb155223a8c7c710812119e9ac60,NewSale
0x9887511D0adFa192fe099725D7EF6454B857c77A,82014,0xbc2d6E7c81E7f35473b3594031FCC4c519fD24Ad,1,0x006903909b46e21c4f831a057b94763ef43bd2ff,1,249000000000000,54148246,135766,5012206,1743159163,0xd05a9a2e32571a6ec17895262a7d6670498d3d83d57fa6a4f6db1ad98839df64,NewSale
0x529F71B8285ECbabF59359e9284E98AD05e683E7,82000,0xbc2d6E7c81E7f35473b3594031FCC4c519fD24Ad,1,0x64f7c019021ac74a68d90d08491ca43b2a632e71,1,17170000000000000000,54075526,161354,5012218,1743159187,0x7a31a4973c538f03e350baf843938764e9f1439ac1f0c789b6a96a8845d466cd,NewSale
0x529F71B8285ECbabF59359e9284E98AD05e683E7,82000,0xbc2d6E7c81E7f35473b3594031FCC4c519fD24Ad,1,0x64f7c019021ac74a68d90d08491ca43b2a632e71,1,17170000000000000000,54163359,161354,5012241,1743159233,0x7a7bcb7cffb0c8500b3a5b7eed63048ff80227ad1ed1f0e5d371cdb65bfb23a0,NewSale
0x529F71B8285ECbabF59359e9284E98AD05e683E7,82000,0xbc2d6E7c81E7f35473b3594031FCC4c519fD24Ad,1,0x64f7c019021ac74a68d90d08491ca43b2a632e71,1,17170000000000000000,54327190,161354,5012263,1743159277,0x1eac7713c0832a739667b9f7a970b96fb9d00233909b74a654cf292650c6588a,NewSale
0x529F71B8285ECbabF59359e9284E98AD05e683E7,82000,0xbc2d6E7c81E7f35473b3594031FCC4c519fD24Ad,1,0x64f7c019021ac74a68d90d08491ca43b2a632e71,1,17170000000000000000,54344219,161354,5012287,1743159325,0x0ad6a4e6faaaf2dd91da869c1178577f416b1d478c63672f573f7bdb75a61568,NewSale
0xbAa9672503be4067CCc6eBB08BEe52af3e0b3b4C,78659,0x2Bf46D4497e98FbA2304B0d2453922FFf559Ea02,34,0xb7ea5af26e57cf224b22a77128ffd8e9e64cced5,1,700000000000000,54283714,164783,5012294,1743159339,0x1474bb54ddbccd8fa56b0d36d5431feae8aafe30cf3ce370dc0453ba50b0b4fb,NewSale
0x5fE58DB3FB96991cA5a0B853C5f39D150532aC0e,81987,0x02e21A25F0038fa5BDEe9c0b77aC0c1E84d3d6f0,2258,0xb22af3e80153816f63c0197af22fa3c11de93224,1,400000000000000,55240000,138146,5012295,1743159341,0x9b0c7abaed5e6d5b1a5e004e31cdf666fe0a8c86f7e4a5742fb2931bef4e5b3f,NewSale
0x529F71B8285ECbabF59359e9284E98AD05e683E7,82000,0xbc2d6E7c81E7f35473b3594031FCC4c519fD24Ad,1,0x64f7c019021ac74a68d90d08491ca43b2a632e71,1,17170000000000000000,54068606,161354,5012309,1743159369,0x41e8f5180773374b834eaea1646472370fb71f6abc5adaece98eef65965e07e6,NewSale
0x529F71B8285ECbabF59359e9284E98AD05e683E7,82000,0xbc2d6E7c81E7f35473b3594031FCC4c519fD24Ad,1,0x64f7c019021ac74a68d90d08491ca43b2a632e71,1,17170000000000000000,53049635,161354,5012332,1743159415,0x826e8b51026ab3568e7f901d64b20f4f29e637b21880167043d4e1093741181a,NewSale
0x7957af594Af39009a5CB344a028285c7758ceF02,82009,0xbc2d6E7c81E7f35473b3594031FCC4c519fD24Ad,1,0x49f2f72715c75713a83ce1394a935c13abef27c5,1,249000000000000,53883037,152878,5012334,1743159419,0xefe2398eafdb8185458d9680718b7042b4e5294274ee56c8a3c9af67d233b133,NewSale
0x529F71B8285ECbabF59359e9284E98AD05e683E7,82000,0xbc2d6E7c81E7f35473b3594031FCC4c519fD24Ad,1,0x64f7c019021ac74a68d90d08491ca43b2a632e71,1,17170000000000000000,52654537,161354,5012355,1743159461,0x48b7cbf032f2cfe540bf6ac4d0ccf408dced2b8d88f274430d01fbe9316c651f,NewSale
0x529F71B8285ECbabF59359e9284E98AD05e683E7,82000,0xbc2d6E7c81E7f35473b3594031FCC4c519fD24Ad,1,0x64f7c019021ac74a68d90d08491ca43b2a632e71,1,17170000000000000000,52190017,161354,5012378,1743159507,0xaf9dc8d7c9cc6441b0aad5479a0261ba8cdcc7ea37c81e79b3e8b9fb8957e5f7,NewSale
0xbAa9672503be4067CCc6eBB08BEe52af3e0b3b4C,79876,0x2Bf46D4497e98FbA2304B0d2453922FFf559Ea02,44,0xb7ea5af26e57cf224b22a77128ffd8e9e64cced5,1,712340000000000,51902129,164783,5012385,1743159521,0xb438c8fc32f674840b11e1d69d7d2ee7d5415f4c66424e5e78d48302007841f0,NewSale
0x27530d20E1E89D61fdc8489C2f075bEd58350569,82046,0xbc2d6E7c81E7f35473b3594031FCC4c519fD24Ad,0,0x9f16f53bcb151b88dd83c401f751a50972ab0e74,1,200000000000000,52977998,157678,5012392,1743159535,0xdcc49aaef331897a35c32b815f905541de7a2bbdfa703beb926abb54823aa94c,NewSale
0xE2E6dEB499Ce4c29F09Afd4Ef01aeC4d99FA013b,82034,0xbc2d6E7c81E7f35473b3594031FCC4c519fD24Ad,1,0x006903909b46e21c4f831a057b94763ef43bd2ff,1,200000000000000,51761557,140566,5012400,1743159551,0xe78b5b2d974069dc1f60e0cf9ce04596aa790ee3b22cb415a68fb3622aef5dfe,NewSale
0x529F71B8285ECbabF59359e9284E98AD05e683E7,82000,0xbc2d6E7c81E7f35473b3594031FCC4c519fD24Ad,1,0x64f7c019021ac74a68d90d08491ca43b2a632e71,1,17170000000000000000,51825500,161354,5012401,1743159553,0xa40aa79b957d0b248ab495e651f0fd81bbb1b0aae21fa0bc2a82e1894c8e4ad0,NewSale
0xE2E6dEB499Ce4c29F09Afd4Ef01aeC4d99FA013b,82023,0xbc2d6E7c81E7f35473b3594031FCC4c519fD24Ad,1,0x96537a0f15bbbd022a74bacfe5961da0eea03d29,1,220000000000000,52594188,157678,5012416,1743159583,0xe2b2ce7879b7ec9cd9adecaa9f9c504dfec065dd7f6929abf23626fd16593df0,NewSale
0xE2E6dEB499Ce4c29F09Afd4Ef01aeC4d99FA013b,82029,0xbc2d6E7c81E7f35473b3594031FCC4c519fD24Ad,0,0x006903909b46e21c4f831a057b94763ef43bd2ff,1,210000000000000,51062169,140566,5012430,1743159611,0xde7e2f61e6d7f22ecc7347b83611147af0959d9247fa2b6a307f3072e95d854b,NewSale
0x529F71B8285ECbabF59359e9284E98AD05e683E7,82000,0xbc2d6E7c81E7f35473b3594031FCC4c519fD24Ad,1,0x64f7c019021ac74a68d90d08491ca43b2a632e71,1,17170000000000000000,50882337,161354,5012440,1743159631,0x6b5e610c7e863262bacf034c7242affb40d73b2052d40efc33b306f34f300b42,NewSale
0xE2E6dEB499Ce4c29F09Afd4Ef01aeC4d99FA013b,82018,0xbc2d6E7c81E7f35473b3594031FCC4c519fD24Ad,0,0x006903909b46e21c4f831a057b94763ef43bd2ff,1,220000000000000,50802611,135766,5012443,1743159637,0xcbd92ed45148caa1682950cf51bf39a6804da29a364e8997c6b429ca83af39ef,NewSale
0xE4f4BaEd82d30f2244fE1722aeda37dEF4B38Ddc,82043,0x02e21A25F0038fa5BDEe9c0b77aC0c1E84d3d6f0,2287,0xb22af3e80153816f63c0197af22fa3c11de93224,1,390000000000000,51720000,138158,5012462,1743159675,0xb2c583f54605ac12677c147e9877297782f37e073cbbfac0b4d25f4b61938694,NewSale
0xE4f4BaEd82d30f2244fE1722aeda37dEF4B38Ddc,82044,0x02e21A25F0038fa5BDEe9c0b77aC0c1E84d3d6f0,2286,0x9f16f53bcb151b88dd83c401f751a50972ab0e74,1,390000000000000,51247917,155258,5012462,1743159675,0x21a460af6329940b7e8a4c6537d457f181f1424d370e0cd957455742610303bc,NewSale
0x529F71B8285ECbabF59359e9284E98AD05e683E7,82000,0xbc2d6E7c81E7f35473b3594031FCC4c519fD24Ad,1,0x64f7c019021ac74a68d90d08491ca43b2a632e71,1,17170000000000000000,50247917,161354,5012462,1743159675,0x5e65ec8f879f4b3d302f4cc4c4492357fba21207944fa43ba2dee2cc0a1cd214,NewSale
0xE2E6dEB499Ce4c29F09Afd4Ef01aeC4d99FA013b,82039,0xbc2d6E7c81E7f35473b3594031FCC4c519fD24Ad,1,0x6c28f443c491f941def2fd983f4ce044e1c52a29,1,200000000000000,50360763,135778,5012464,1743159679,0x7c796c6596b8b7d349ea0ba241ce0a391787937a6977213fc1b8e5309e703ddd,NewSale
0x529F71B8285ECbabF59359e9284E98AD05e683E7,82000,0xbc2d6E7c81E7f35473b3594031FCC4c519fD24Ad,1,0x64f7c019021ac74a68d90d08491ca43b2a632e71,1,17170000000000000000,49676797,154943,5012485,1743159721,0x6410d13b020ba8f637ef7a2515230bc311853d302e9ce2693d46a84cd76917fe,NewSale
0x53543c4BAE560a6C31f87b6eD072e8140FEeE539,82028,0xbc2d6E7c81E7f35473b3594031FCC4c519fD24Ad,0,0x27530d20e1e89d61fdc8489c2f075bed58350569,1,230000000000000,49054254,140578,5012499,1743159749,0xca291e0d6e6f5bfb085ed08dcd59779ec762898e3d4518df02b878909c03cb73,NewSale
0x006903909b46E21C4F831A057b94763eF43bD2FF,82067,0xbc2d6E7c81E7f35473b3594031FCC4c519fD24Ad,0,0xbcb9351fdc3c51b6999e2c6ebd52ff61922d8cd9,1,230000000000000,50160000,140578,5012509,1743159769,0x51875b8e6213a4252309cf3127ce5ed3276c5cde42917569597a49a2f535708d,NewSale
0x5fE58DB3FB96991cA5a0B853C5f39D150532aC0e,81991,0x02e21A25F0038fa5BDEe9c0b77aC0c1E84d3d6f0,2260,0x3919c715c543f8d83d7a4d52606bbf7f46248e11,1,400000000000000,48489300,155246,5012518,1743159787,0x854a4c4188f7ce1077f11533e7384f8f381ce10459bfb9386a31af716ea422df,NewSale
0x006903909b46E21C4F831A057b94763eF43bD2FF,82070,0xbc2d6E7c81E7f35473b3594031FCC4c519fD24Ad,1,0xbcb9351fdc3c51b6999e2c6ebd52ff61922d8cd9,1,230000000000000,49670000,157678,5012519,1743159789,0xb20474621e9ca06b63531c21bf0fd02ef41597eeac6d6f41a3f5c0b4d50bc744,NewSale
0x53543c4BAE560a6C31f87b6eD072e8140FEeE539,82022,0xbc2d6E7c81E7f35473b3594031FCC4c519fD24Ad,0,0xbcb9351fdc3c51b6999e2c6ebd52ff61922d8cd9,1,240000000000000,50160000,140566,5012528,1743159807,0x5110d24fb181eec3f2d88e22c9aae4ed743bf6ff042f6fcb698efc814e7b00b6,NewSale
0x006903909b46E21C4F831A057b94763eF43bD2FF,82073,0xbc2d6E7c81E7f35473b3594031FCC4c519fD24Ad,1,0xbcb9351fdc3c51b6999e2c6ebd52ff61922d8cd9,1,230000000000000,49350000,140578,5012536,1743159823,0xa306f1d97efd6436ea21ffe7b31b8be308fc3be2ddb278847741a325a9bdc23b,NewSale
0x0097a89175E4b56418F29c9563B422c596faAacD,82035,0xbc2d6E7c81E7f35473b3594031FCC4c519fD24Ad,1,0xb22af3e80153816f63c0197af22fa3c11de93224,1,249000000000000,49350000,135778,5012541,1743159833,0xa2cb60498e13546dec086b79228b311b8e3738cc5b621b7e44f578e64157c6b5,NewSale
0x5fE58DB3FB96991cA5a0B853C5f39D150532aC0e,81994,0x02e21A25F0038fa5BDEe9c0b77aC0c1E84d3d6f0,2257,0x3919c715c543f8d83d7a4d52606bbf7f46248e11,1,400000000000000,48389325,138146,5012541,1743159833,0xa2fabb891ace10a78c1981ce52505e47a7eff86ea1a6fbbae0be1277d64a761b,NewSale
0xeF0Ef28b882d166B732d00A01Ea762B9CCd3FE44,82021,0xbc2d6E7c81E7f35473b3594031FCC4c519fD24Ad,1,0x96537a0f15bbbd022a74bacfe5961da0eea03d29,1,245000000000000,49238587,142189,5012543,1743159837,0x2db57232ece80dba041dbc9a1896d98ecbce66c4d8dd219802df1d6edc3dd485,NewSale
0x006903909b46E21C4F831A057b94763eF43bD2FF,82074,0xbc2d6E7c81E7f35473b3594031FCC4c519fD24Ad,1,0xbcb9351fdc3c51b6999e2c6ebd52ff61922d8cd9,1,230000000000000,49300000,135778,5012546,1743159843,0xcc3f1b47004db5eadfe91a8d0fbda195d9b702c8d7a811ad1c30e9432eec77fe,NewSale
0x74B0d6c19716a605693CAbfb034b49AD0e818dFe,82061,0x02e21A25F0038fa5BDEe9c0b77aC0c1E84d3d6f0,2283,0x9f16f53bcb151b88dd83c401f751a50972ab0e74,1,30000000000000000000,49197203,178122,5012548,1743159847,0xea55ed7a41fcbab4606d7f6e18a856bc80c4fc22a22057fb3bcad331337b3c98,NewSale
0x006903909b46E21C4F831A057b94763eF43bD2FF,82076,0xbc2d6E7c81E7f35473b3594031FCC4c519fD24Ad,0,0xbcb9351fdc3c51b6999e2c6ebd52ff61922d8cd9,1,230000000000000,49190000,140578,5012556,1743159863,0xdcab0d8a54d766c4b63d412e49925e4a4e244981991da8bb587468159f18f6d0,NewSale
0x5fE58DB3FB96991cA5a0B853C5f39D150532aC0e,81995,0x02e21A25F0038fa5BDEe9c0b77aC0c1E84d3d6f0,2250,0x3919c715c543f8d83d7a4d52606bbf7f46248e11,1,400000000000000,48058155,133346,5012564,1743159879,0xf670839db1f42b3b2deeaaa2e65792169532e928a623b537908b363cc2ba4477,NewSale
0xeF0Ef28b882d166B732d00A01Ea762B9CCd3FE44,82021,0xbc2d6E7c81E7f35473b3594031FCC4c519fD24Ad,1,0xbcb9351fdc3c51b6999e2c6ebd52ff61922d8cd9,1,245000000000000,49050000,142189,5012567,1743159885,0x7d35adbd590a54516ad6eccc1354399c36d9f1bde2676239760c359d5b5188c3,NewSale
0xeF0Ef28b882d166B732d00A01Ea762B9CCd3FE44,82021,0xbc2d6E7c81E7f35473b3594031FCC4c519fD24Ad,1,0x21e3bed229c51d36b8722aa33973d13f144fdadc,1,245000000000000,48599576,142189,5012598,1743159947,0xa9ec81a54a24257e5814000e8462182161833388a856a965ffdb5402e4f99152,NewSale
0x74B0d6c19716a605693CAbfb034b49AD0e818dFe,82059,0xDfC21bE7cC791a5f03A95E836D385bBC6d7dF384,1362,0x9f16f53bcb151b88dd83c401f751a50972ab0e74,1,30000000000000000000,48688687,178122,5012608,1743159967,0x768381deac47625e7cddd1be9438d49b69dff8551492b8979ef743472a26dd7a,NewSale
0x27530d20E1E89D61fdc8489C2f075bEd58350569,82077,0xbc2d6E7c81E7f35473b3594031FCC4c519fD24Ad,0,0xd337146576ba4ae1e1322e8f5452c4bef03df8c6,1,210000000000000,48600000,157678,5012612,1743159975,0xaeb0e7ab76d64ef19b2654b1b0b901e7e0895a0da2321dacd52927bfaf36d292,NewSale
0x53543c4BAE560a6C31f87b6eD072e8140FEeE539,82080,0xbc2d6E7c81E7f35473b3594031FCC4c519fD24Ad,0,0xb22af3e80153816f63c0197af22fa3c11de93224,1,230000000000000,48570000,140578,5012623,1743159997,0x84013e03a408c5964227c2d89146df33f5de559bdcf93a3261726c26634808c2,NewSale
0xa78E278D35C102abCbDe37d9F82cdaF74Fbf464c,82058,0xbc2d6E7c81E7f35473b3594031FCC4c519fD24Ad,1,0xaa7ce71fd8ddffda746af77ba54ccd96b52dfe92,1,249900000000000,48350000,152878,5012643,1743160037,0x1375524eb2d51aff8b4f68b956043fa31355779fe591c5fd6957251939c9330e,NewSale
0x006903909b46E21C4F831A057b94763eF43bD2FF,82084,0xbc2d6E7c81E7f35473b3594031FCC4c519fD24Ad,0,0xd337146576ba4ae1e1322e8f5452c4bef03df8c6,1,230000000000000,48000000,140578,5012659,1743160069,0x61157fdf78afce16357b81314d7cffca0aba5b2ed8b14627288146021224de5b,NewSale
0x940D8e8E7aa8fDb0442e58Cd0bEA75Ca1148873c,82068,0xbc2d6E7c81E7f35473b3594031FCC4c519fD24Ad,1,0xb22af3e80153816f63c0197af22fa3c11de93224,1,249000000000000,47930000,135778,5012667,1743160085,0x9f372c8029deeffba10c96cef123d373a12a88c93996a955958e1436d4dc4f54,NewSale
0x53543c4BAE560a6C31f87b6eD072e8140FEeE539,82086,0xbc2d6E7c81E7f35473b3594031FCC4c519fD24Ad,0,0xe6066a1cf04d67649c571571a3ea1628a8ed2e94,1,237000000000000,47800000,157678,5012674,1743160099,0x3107832652ae4d023863ad385b451631412bc40b40bf909575f70fb2fc9ab8c0,NewSale
0xBCb9351FDc3C51b6999E2c6EBD52Ff61922d8cD9,82082,0xbc2d6E7c81E7f35473b3594031FCC4c519fD24Ad,0,0x21e3bed229c51d36b8722aa33973d13f144fdadc,1,240000000000000,46339517,140566,5012726,1743160203,0x8d3df8cac8f041ff7f01fde46a6d71eefa76d5d4e7762477ade04f53f9b8f05e,NewSale
0x66907de460905CB2fc07d10e2c0031D610247684,82088,0xDfC21bE7cC791a5f03A95E836D385bBC6d7dF384,1259,0x9f16f53bcb151b88dd83c401f751a50972ab0e74,1,30000000000000000000,46257575,161022,5012729,1743160209,0xb960dace415a6d9ffa833c32fb6542333d566a4224ef8779e35823077f13177d,NewSale
0xeF0Ef28b882d166B732d00A01Ea762B9CCd3FE44,82021,0xbc2d6E7c81E7f35473b3594031FCC4c519fD24Ad,1,0x9e1cc320d7813364f57ba34ec9c0707e52c2d79e,1,245000000000000,45460000,159289,5012761,1743160273,0xc69829eaedb5e42c40e17ffefb728ab794de5243e0c74bd8e0850c5817fee0d5,NewSale
0x53543c4BAE560a6C31f87b6eD072e8140FEeE539,82083,0xbc2d6E7c81E7f35473b3594031FCC4c519fD24Ad,0,0xd337146576ba4ae1e1322e8f5452c4bef03df8c6,1,238000000000000,45890000,135778,5012766,1743160283,0xb260f6509ead6ad0b72ffc1c0ef53ff87313297b93a311ea4c8967672e4b4d99,NewSale
0xBCb9351FDc3C51b6999E2c6EBD52Ff61922d8cD9,82087,0xbc2d6E7c81E7f35473b3594031FCC4c519fD24Ad,0,0x9f16f53bcb151b88dd83c401f751a50972ab0e74,1,240000000000000,44921596,140566,5012773,1743160297,0x60a9a0c612d007641d9f7672033baf3059a6b1a9d9734bdfc24617ccbe655d7f,NewSale
0xBCb9351FDc3C51b6999E2c6EBD52Ff61922d8cD9,82085,0xbc2d6E7c81E7f35473b3594031FCC4c519fD24Ad,0,0x9e1cc320d7813364f57ba34ec9c0707e52c2d79e,1,240000000000000,44980000,140566,5012775,1743160301,0xeaeff886864b85485e8ec1947fcac5a3b6c86c491a58a7e7b575574b38027e05,NewSale
0xBCb9351FDc3C51b6999E2c6EBD52Ff61922d8cD9,82097,0xbc2d6E7c81E7f35473b3594031FCC4c519fD24Ad,1,0x21e3bed229c51d36b8722aa33973d13f144fdadc,1,240000000000000,43947747,140566,5012797,1743160345,0xd1cf3272184e5e7665bfa018ccb7c807baa37071a194a0bfa328cd9d75cb5075,NewSale
0xDCBfc3f127f31E4584F3E0aBF38119a61755C2f1,82108,0xbc2d6E7c81E7f35473b3594031FCC4c519fD24Ad,1,0xe6066a1cf04d67649c571571a3ea1628a8ed2e94,1,230000000000000,44220000,157678,5012801,1743160353,0x97fefc7f8e50c87e056285a372272e07d9dc9571ee62904e5ed5dce54ef75fa5,NewSale
0x33FD8e88a74Fec2E8ffA23916b47A8b03806A85B,82096,0xbc2d6E7c81E7f35473b3594031FCC4c519fD24Ad,0,0x9e1cc320d7813364f57ba34ec9c0707e52c2d79e,1,240000000000000,43560000,140566,5012815,1743160381,0x898c6517b47f99197bf59c20f961e661e3ed27849b35fe2ba91b67ee2417c465,NewSale
0xBCb9351FDc3C51b6999E2c6EBD52Ff61922d8cD9,82109,0xbc2d6E7c81E7f35473b3594031FCC4c519fD24Ad,1,0xaa7ce71fd8ddffda746af77ba54ccd96b52dfe92,1,240000000000000,43350000,140566,5012816,1743160383,0x84292c584e23c7c1cafccad2d41564cc59926484e47a777923e33bcd0ec7ed34,NewSale
0xBCb9351FDc3C51b6999E2c6EBD52Ff61922d8cD9,82105,0xbc2d6E7c81E7f35473b3594031FCC4c519fD24Ad,1,0x58b5710900811f0818456e481cc57d768548f898,1,240000000000000,43350000,157654,5012819,1743160389,0x5208402e5dfb07af0a379412b123164b61d8398a9a9c590249a091e14cc25d48,NewSale
0xDCBfc3f127f31E4584F3E0aBF38119a61755C2f1,82103,0xbc2d6E7c81E7f35473b3594031FCC4c519fD24Ad,1,0xe6066a1cf04d67649c571571a3ea1628a8ed2e94,1,240000000000000,43180000,135766,5012825,1743160401,0xd5f5cc90cfcaab57eece20432237b2129146cdc603f5573deebb2e33c5f2e0f3,NewSale
0x3919c715C543f8d83d7A4D52606bbF7F46248e11,82113,0x02e21A25F0038fa5BDEe9c0b77aC0c1E84d3d6f0,2257,0x9f16f53bcb151b88dd83c401f751a50972ab0e74,1,400000000000000,42825504,138146,5012837,1743160425,0x7682ceccd1353897c9f0901b68e3c7f5093cd047a2de657858863fa4cbf73857,NewSale
0xC0DEc165A5d6e6766Fbc35c977f89535899D0411,77663,0xbc2d6E7c81E7f35473b3594031FCC4c519fD24Ad,0,0x21e3bed229c51d36b8722aa33973d13f144fdadc,1,249999950000000,42670158,142201,5012848,1743160447,0xe0cdc76628aec31a498881ea1c222cbc7248c8061a5fb2b28d0543ae6cb75430,NewSale
