listing_creator,listing_id,asset_contract,token_id,buyer,quantity_bought,total_price_paid,gas_price,gas_used,block_number,timestamp,transaction_hash,event_type
0xeF0Ef28b882d166B732d00A01Ea762B9CCd3FE44,80419,0xbc2d6E7c81E7f35473b3594031FCC4c519fD24Ad,1,0xf38bce054b04a7dde173584783474be5c1bbf32d,1,245000000000000,43867410,142189,4998914,1743132579,0x1fa57965d59fbf6da50239bbf8c38b6d4b5f612327d88cc95fe29851d6c0d6c5,NewSale
0xC0DEc165A5d6e6766Fbc35c977f89535899D0411,77663,0xbc2d6E7c81E7f35473b3594031FCC4c519fD24Ad,0,0x8248d298c1d144f0e8dabc21cfd935aed14b8636,1,249999950000000,43349974,142201,4998926,1743132603,0x68a13d1eb9304e879d8cf5f6c28e52187928898b1e276263a6d8c0b6cb097ac9,NewSale
0xC0DEc165A5d6e6766Fbc35c977f89535899D0411,74893,0xbc2d6E7c81E7f35473b3594031FCC4c519fD24Ad,0,0xf38bce054b04a7dde173584783474be5c1bbf32d,1,249999990000000,43715749,142201,4999005,1743132761,0xf30998918c7f0aec7a61e926f0f32b09fc3e8d2a37a272e3e89e244fa785f091,NewSale
0x64f7C019021aC74A68D90D08491Ca43b2a632E71,80414,0xbc2d6E7c81E7f35473b3594031FCC4c519fD24Ad,1,0x529f71b8285ecbabf59359e9284e98ad05e683e7,1,16200000000000000000,42736989,161354,4999008,1743132767,0x39d7e667dd97ddd157f96b1cacf250cd1150cd8f6a41d558d3cfec4645af7093,NewSale
0x64f7C019021aC74A68D90D08491Ca43b2a632E71,80414,0xbc2d6E7c81E7f35473b3594031FCC4c519fD24Ad,1,0x529f71b8285ecbabf59359e9284e98ad05e683e7,1,16200000000000000000,42444105,161354,4999026,1743132803,0x72a9a1177c756b4692976def5e576e645c6dddbaf4c97586d82a73f7e38096d6,NewSale
0xf81fD1FA9702A915DA1a14161Cb1341390503df4,80499,0xbc2d6E7c81E7f35473b3594031FCC4c519fD24Ad,0,0xf38bce054b04a7dde173584783474be5c1bbf32d,1,200000000000000,43510455,135778,4999032,1743132815,0xc75a83efe8ca6f4f1d1a13fc84c68fab38af2763e767ba53a31aa5c571c1cadd,NewSale
0x64f7C019021aC74A68D90D08491Ca43b2a632E71,80414,0xbc2d6E7c81E7f35473b3594031FCC4c519fD24Ad,1,0x529f71b8285ecbabf59359e9284e98ad05e683e7,1,16200000000000000000,42596005,154943,4999050,1743132851,0xb5ca2e6aeede0f98ad5fd6f8d830aec4995d5e498c10677cb5c2ea0b8ec2d2ed,NewSale
0xf1855E8185a98B5AD57bDFE18aeF2665841e1F04,80503,0xbc2d6E7c81E7f35473b3594031FCC4c519fD24Ad,0,0xf38bce054b04a7dde173584783474be5c1bbf32d,1,200000000000000,43650530,140578,4999058,1743132867,0x43d715e929d722bdee538299919fc1251c2fedad1512c66501dd2cfa314dca05,NewSale
0xf1855E8185a98B5AD57bDFE18aeF2665841e1F04,80514,0xbc2d6E7c81E7f35473b3594031FCC4c519fD24Ad,0,0xf38bce054b04a7dde173584783474be5c1bbf32d,1,200000000000000,43697775,140578,4999091,1743132933,0x7b898cb18f6aa4addb5eca8086adb7a8c81a76fa88d097b3700246e9b61554e4,NewSale
0xf1855E8185a98B5AD57bDFE18aeF2665841e1F04,80515,0xbc2d6E7c81E7f35473b3594031FCC4c519fD24Ad,0,0xf38bce054b04a7dde173584783474be5c1bbf32d,1,200000000000000,43992484,140578,4999124,1743132999,0x0ab530fe21047de8cca0778e197b37b2239133d9eb3535962996321bc33ed705,NewSale
0x529F71B8285ECbabF59359e9284E98AD05e683E7,80524,0xbc2d6E7c81E7f35473b3594031FCC4c519fD24Ad,1,0x64f7c019021ac74a68d90d08491ca43b2a632e71,1,16000000000000000000,42978640,178454,4999133,1743133017,0x80b20d6eaa9f62448001f1e358e389687e08590e94e8b11d13d0861e0cb7fc45,NewSale
0xFA80153c0BbC55FaBb0baf75132a535674283E9D,79706,0xbc2d6E7c81E7f35473b3594031FCC4c519fD24Ad,1,0x8248d298c1d144f0e8dabc21cfd935aed14b8636,1,249900000000000,44101859,135778,4999142,1743133035,0x1fd0bfbf5f83d591b08f714ec85e0c47837d9ddc53b27e2d26a19ccc6ab7d368,NewSale
0x529F71B8285ECbabF59359e9284E98AD05e683E7,80524,0xbc2d6E7c81E7f35473b3594031FCC4c519fD24Ad,1,0x64f7c019021ac74a68d90d08491ca43b2a632e71,1,16000000000000000000,43115826,161354,4999153,1743133057,0x5334665d26b09ce1c941ffc0d3a354fe3c3c35156534032090b910ed2b4dfcd4,NewSale
0xf1855E8185a98B5AD57bDFE18aeF2665841e1F04,80517,0xbc2d6E7c81E7f35473b3594031FCC4c519fD24Ad,0,0xf38bce054b04a7dde173584783474be5c1bbf32d,1,200000000000000,44126324,140578,4999156,1743133063,0xacfd1b832fcbb809f7d46ed16be2b90e45754eb7675abff386f6e03704b95483,NewSale
0x529F71B8285ECbabF59359e9284E98AD05e683E7,80524,0xbc2d6E7c81E7f35473b3594031FCC4c519fD24Ad,1,0x64f7c019021ac74a68d90d08491ca43b2a632e71,1,16000000000000000000,43192787,161354,4999174,1743133099,0xb9f06f830a89597fcc553c081bb712a5c7ce47a2e63ead05ee4718e2a3f7345c,NewSale
0x529F71B8285ECbabF59359e9284E98AD05e683E7,80524,0xbc2d6E7c81E7f35473b3594031FCC4c519fD24Ad,1,0x64f7c019021ac74a68d90d08491ca43b2a632e71,1,16000000000000000000,43564489,161354,4999195,1743133141,0x2dfffb3fad4c13d0bfc41b188d04218109ec2da4513d5b95335aed4c7de122c8,NewSale
0x529F71B8285ECbabF59359e9284E98AD05e683E7,80524,0xbc2d6E7c81E7f35473b3594031FCC4c519fD24Ad,1,0x64f7c019021ac74a68d90d08491ca43b2a632e71,1,16000000000000000000,43756328,161354,4999215,1743133181,0x614228e95fad1f8f0b54d7048af532fbe5216de18ec221d4f09ddc7e802e56c8,NewSale
0x539fB596ed0EB52E94793382F588d45BE2A9e68c,80444,0xbc2d6E7c81E7f35473b3594031FCC4c519fD24Ad,1,0x2168577af945529fc223e3a2f6d55cc68d8f294a,1,300000000000000,43601853,140590,4999217,1743133185,0x66a78c3323ae96038974c439c9ee8552c68e560f597d5b371dafb933aa29c623,NewSale
0xf1855E8185a98B5AD57bDFE18aeF2665841e1F04,80516,0xbc2d6E7c81E7f35473b3594031FCC4c519fD24Ad,0,0x783239fe8a45a75dc240c3fa01134b072f03d763,1,200000000000000,44543148,140578,4999222,1743133195,0x9b93add69d89b0e9db145be80f04376cbe18378e9e7fe3c471d0360d58a9540f,NewSale
0x529F71B8285ECbabF59359e9284E98AD05e683E7,80524,0xbc2d6E7c81E7f35473b3594031FCC4c519fD24Ad,1,0x64f7c019021ac74a68d90d08491ca43b2a632e71,1,16000000000000000000,43541857,161354,4999235,1743133221,0x99e7fcd04af632c6261131fc5bdbebf798171dff8b231c81461cca4a451ac33e,NewSale
0x539fB596ed0EB52E94793382F588d45BE2A9e68c,80445,0xbc2d6E7c81E7f35473b3594031FCC4c519fD24Ad,1,0x2168577af945529fc223e3a2f6d55cc68d8f294a,1,300000000000000,43707834,135790,4999236,1743133223,0x1e8a29555cedb1d84d71d90580a252d9754ce6bea1de41fc60fdca118867c8c7,NewSale
0x529F71B8285ECbabF59359e9284E98AD05e683E7,80524,0xbc2d6E7c81E7f35473b3594031FCC4c519fD24Ad,1,0x64f7c019021ac74a68d90d08491ca43b2a632e71,1,16000000000000000000,43506996,161354,4999255,1743133261,0x592cbfa1a785ce174647354d6b0f0e665202acf5ed46cfcd52c7dd3b43c76b85,NewSale
0x529F71B8285ECbabF59359e9284E98AD05e683E7,80524,0xbc2d6E7c81E7f35473b3594031FCC4c519fD24Ad,1,0x64f7c019021ac74a68d90d08491ca43b2a632e71,1,16000000000000000000,43244779,161354,4999276,1743133303,0x594eef4e43dda12006b4561f9925e652abdb44d48aa5225ac201e508f3a9a1ce,NewSale
0xd2F52D97a963e1cD15C249575f13F6C83EDD4Ded,80521,0xbc2d6E7c81E7f35473b3594031FCC4c519fD24Ad,1,0x1d85481ccfb9001d9216229109019085e2e1c8b7,1,240000000000000,44320193,140554,4999291,1743133333,0xb0ff2662b7c572d960b81ac9ccc355e55a96031dd5af132f8379c7f7076cfe5c,NewSale
0x529F71B8285ECbabF59359e9284E98AD05e683E7,80524,0xbc2d6E7c81E7f35473b3594031FCC4c519fD24Ad,1,0x64f7c019021ac74a68d90d08491ca43b2a632e71,1,16000000000000000000,43360208,161354,4999296,1743133343,0xaf914dbbc7a5daec8cb118058017771e61322e15cc206a9521e443ea4ec98956,NewSale
0xe111f614F321959d39e9959Ac8cc94954fDBbc10,80330,0x2Bf46D4497e98FbA2304B0d2453922FFf559Ea02,0,0xfce8bb866c46ef053c14ec6cae2c8922cec217ed,1,500000000000000,43332317,162483,4999297,1743133345,0xf45b393ab16c07f96be2c0436d983c6ef9ee98e5f93aa46706f627984caebc7b,NewSale
0x12A04102f21026F2Fd12b3cfbFBFA89aAB77cFCA,79703,0xbc2d6E7c81E7f35473b3594031FCC4c519fD24Ad,1,0x2168577af945529fc223e3a2f6d55cc68d8f294a,1,249900000000000,43311908,135778,4999309,1743133369,0xe993b9097dc8eaa47b171192d288b54e32a63ff1f37666edd77afd551e705349,NewSale
0xeF0Ef28b882d166B732d00A01Ea762B9CCd3FE44,80419,0xbc2d6E7c81E7f35473b3594031FCC4c519fD24Ad,1,0xd598390b3cbaeadb70dd6ba2a7faeb9d811483ee,1,245000000000000,44002667,142189,4999337,1743133425,0xdb232f2ca49fccf506c6f269b2fbb96e52728517fa6b0724221255744c4bb2fa,NewSale
0xFA6d619f52bc1C0f7A2881b0D4Ecd79016F1D62A,80360,0xdc0F91C5a4D200FfC21658901c77c0fE1A14d199,0,0x98e5df4ab052cd6a808b18a23ab963b466bb8374,1,510000000000000,42609391,167283,4999352,1743133455,0xdc1e8c0f15c961efe045ed140a2b0ff0c882752d1a335267673695aa36e69887,NewSale
0xeF0Ef28b882d166B732d00A01Ea762B9CCd3FE44,80419,0xbc2d6E7c81E7f35473b3594031FCC4c519fD24Ad,1,0x2168577af945529fc223e3a2f6d55cc68d8f294a,1,245000000000000,42719766,142189,4999360,1743133471,0xd51493ff250fd6b07c27fd59ab51d7c967b8b8e368a89cbc6eed16eaef9accd8,NewSale
0xf1855E8185a98B5AD57bDFE18aeF2665841e1F04,80518,0xbc2d6E7c81E7f35473b3594031FCC4c519fD24Ad,0,0x4a6c0e9a45fd8203cefe649ba7d61247a0ada4cb,1,200000000000000,43718984,157678,4999364,1743133479,0xca06fd327fef541c3ce0eb908f6c6d04d89e3be483e5fbcd141a884aa3f44b6e,NewSale
0x529F71B8285ECbabF59359e9284E98AD05e683E7,80524,0xbc2d6E7c81E7f35473b3594031FCC4c519fD24Ad,1,0x64f7c019021ac74a68d90d08491ca43b2a632e71,1,16000000000000000000,42556106,154943,4999374,1743133499,0x4569dccf076361c5742734a30bd83360d73cef0459c4c0eb17de5f9ed5e98e5f,NewSale
0xeF0Ef28b882d166B732d00A01Ea762B9CCd3FE44,80419,0xbc2d6E7c81E7f35473b3594031FCC4c519fD24Ad,1,0x2168577af945529fc223e3a2f6d55cc68d8f294a,1,245000000000000,42644526,140578,4999376,1743133503,0xb5a3674593d11c4e84dd3563121311810070b07299dbf557867fcabaad3ec529,NewSale
0xf1855E8185a98B5AD57bDFE18aeF2665841e1F04,80527,0xbc2d6E7c81E7f35473b3594031FCC4c519fD24Ad,0,0xfa330c8845e702a088236d2b4ea8aa2e0fac9855,1,200000000000000,43701058,152878,4999378,1743133507,0x5950d636e686a69c771b91107b4316c6b65cbfdacdfe1fc7c8c1c7473e67d3b2,NewSale
0xE7389a2D3efdAA1ef330a4476f423c40Af362e39,77500,0x6EF07dE7778f607b8658e743bd42Ad4Db277d54C,0,0x375698627024301af38d9f5554011c89dba8f765,1,33000000000000000000,42709440,180539,4999382,1743133515,0xfa5bc779258679f537d8413c8ede3f174ca1e3113765a5bb8ceb38e34343bfae,NewSale
0x504a81B79D2aD552380d0E80BB9EBba01d9601D4,80461,0xbc2d6E7c81E7f35473b3594031FCC4c519fD24Ad,1,0xd598390b3cbaeadb70dd6ba2a7faeb9d811483ee,1,245000000000000,43641034,140578,4999387,1743133525,0xf71fbaccbf3076c4e2c0e80bf7807375873454ff698c2b037b5bbf1fba729300,NewSale
0xd2F52D97a963e1cD15C249575f13F6C83EDD4Ded,80538,0xbc2d6E7c81E7f35473b3594031FCC4c519fD24Ad,1,0x1d85481ccfb9001d9216229109019085e2e1c8b7,1,240000000000000,42702106,140554,4999402,1743133555,0xbbd8c5e76bf22043f9a4ae1925a81c77855f310f3cf4601891e64bfb763fc012,NewSale
0xC0DEc165A5d6e6766Fbc35c977f89535899D0411,77663,0xbc2d6E7c81E7f35473b3594031FCC4c519fD24Ad,0,0xd598390b3cbaeadb70dd6ba2a7faeb9d811483ee,1,249999950000000,43757581,142201,4999420,1743133591,0x48093d68c7da3ceb34b063dbae6c4402fc9d418de05bad9fb9482cecfdd7db35,NewSale
0xE7389a2D3efdAA1ef330a4476f423c40Af362e39,77630,0x6EF07dE7778f607b8658e743bd42Ad4Db277d54C,29,0x375698627024301af38d9f5554011c89dba8f765,1,33000000000000000000,42775484,180539,4999423,1743133597,0x40b851f4c82ee75c2e78a62a0b10dba04921a2f26123eec29cb884bdacb6a1c4,NewSale
0x783239Fe8A45A75DC240c3Fa01134b072f03d763,80553,0xbc2d6E7c81E7f35473b3594031FCC4c519fD24Ad,0,0x1d85481ccfb9001d9216229109019085e2e1c8b7,1,200000000000000,42621937,140566,4999434,1743133619,0x697e9558d01c57153c141ce0397b10735ff4d03d7b03925b8bdeff929bd2e7d5,NewSale
0x80fe121B69163E17bd4e9CC573652e29E48fa4ae,80278,0xbc2d6E7c81E7f35473b3594031FCC4c519fD24Ad,1,0x007cc54bcd8daeb9d3d966a70b66cd75e13dc0e8,1,19200000000000000000,45000000,182154,4999446,1743133643,0x834dbcfe42a6c9258a67e149e08d3aeaa40cdc2b839a56cb682927ab6c54f355,NewSale
0x80fe121B69163E17bd4e9CC573652e29E48fa4ae,79098,0xbc2d6E7c81E7f35473b3594031FCC4c519fD24Ad,0,0x007cc54bcd8daeb9d3d966a70b66cd75e13dc0e8,1,19500000000000000000,45000000,165054,4999462,1743133675,0x1ac841ffd49d89a12a298a49b54f7844c1d72f7bf08749520125d92a31109834,NewSale
0xd2F52D97a963e1cD15C249575f13F6C83EDD4Ded,80552,0xbc2d6E7c81E7f35473b3594031FCC4c519fD24Ad,1,0x1d85481ccfb9001d9216229109019085e2e1c8b7,1,240000000000000,42391138,140554,4999471,1743133693,0x0166446a864624ea62c864f3e8d6c729ba27b733511064c391d0d26568bfd94d,NewSale
0xC0DEc165A5d6e6766Fbc35c977f89535899D0411,74893,0xbc2d6E7c81E7f35473b3594031FCC4c519fD24Ad,0,0xd598390b3cbaeadb70dd6ba2a7faeb9d811483ee,1,249999990000000,43450271,142201,4999472,1743133695,0x3e3729cbb37f7f581769056151f12da517b97cb13fba15bb551b04b0efd88404,NewSale
0x60882804F5c01586CAD6f872d22a135ED6C95c8A,80565,0xbc2d6E7c81E7f35473b3594031FCC4c519fD24Ad,1,0x64f7c019021ac74a68d90d08491ca43b2a632e71,1,523000000000000,42589951,172043,4999475,1743133701,0xc8dc28c084d0e658d3d6bfd9e689caef6931879423789f3173eba8c9d64b3485,NewSale
0xFA6d619f52bc1C0f7A2881b0D4Ecd79016F1D62A,80357,0xdc0F91C5a4D200FfC21658901c77c0fE1A14d199,0,0xf0182c4e915a192d2cf6e9e652f834539d03d3f0,1,550000000000000,43330000,162483,4999484,1743133719,0x43fb94b2bc1e9e51f843df69eba46972c09625d6afee2b8f59f942cf070c014c,NewSale
0xb14341aF9BbDa28392D961Ddc7e05ec1839Afb2C,79067,0xbc2d6E7c81E7f35473b3594031FCC4c519fD24Ad,1,0xd598390b3cbaeadb70dd6ba2a7faeb9d811483ee,1,259000000000000,43335449,135778,4999517,1743133785,0x6e49f38bd02f0ec3f8d5c509329dde47b2ec603882b7a3bb9006f170bafd6bc1,NewSale
0x80fe121B69163E17bd4e9CC573652e29E48fa4ae,80288,0xbc2d6E7c81E7f35473b3594031FCC4c519fD24Ad,0,0x007cc54bcd8daeb9d3d966a70b66cd75e13dc0e8,1,19500000000000000000,45000000,165054,4999523,1743133797,0xfa924294db3c7f2f2d6b119e416b90746dfb5527b54b38e9053deb3c0d9f812b,NewSale
0xE7389a2D3efdAA1ef330a4476f423c40Af362e39,77594,0x6EF07dE7778f607b8658e743bd42Ad4Db277d54C,9,0x375698627024301af38d9f5554011c89dba8f765,1,33000000000000000000,42452940,180539,4999524,1743133799,0x57dc1af46fdcb1e29bba2575bb15f302c72acbcb3e3636088afc779c3728deb8,NewSale
0x1e892233459C4F96B9bafD13947f75EbF96410Ae,80450,0xbc2d6E7c81E7f35473b3594031FCC4c519fD24Ad,0,0x007cc54bcd8daeb9d3d966a70b66cd75e13dc0e8,1,20000000000000000000,45000000,158643,4999543,1743133837,0xc927a12b2c711382e4f7f2e8b3edb45f021bc07a6ea813876f910010ad3813ee,NewSale
0xd2F52D97a963e1cD15C249575f13F6C83EDD4Ded,80537,0xbc2d6E7c81E7f35473b3594031FCC4c519fD24Ad,1,0xd448777940dfabf65fd259fa8a9903e60e1ff178,1,480000000000000,43360000,159289,4999544,1743133839,0x34b4b913e35c5195d43357d17cfc8c4d024af32559a3cced34c7862cee6c3ba9,NewSale
0x0bAcB4c9A245B1Ae3d048A8a94b187F7Fe39fF4B,80574,0xbc2d6E7c81E7f35473b3594031FCC4c519fD24Ad,1,0x64f7c019021ac74a68d90d08491ca43b2a632e71,1,1520000000000000,42621412,172031,4999552,1743133855,0xdee9af1fad2fcfbd4a62e27481f7b799970c15197aa9c33c9f48c1d7cda1a3b3,NewSale
0x80fe121B69163E17bd4e9CC573652e29E48fa4ae,78669,0xbc2d6E7c81E7f35473b3594031FCC4c519fD24Ad,0,0x007cc54bcd8daeb9d3d966a70b66cd75e13dc0e8,1,19900000000000000000,45000000,163431,4999563,1743133877,0xf2de709c2ecfacab6046772b3cb77664ed9a9f4cf326b59481d69f0f4f464945,NewSale
0xC0DEc165A5d6e6766Fbc35c977f89535899D0411,77659,0xbc2d6E7c81E7f35473b3594031FCC4c519fD24Ad,0,0xd598390b3cbaeadb70dd6ba2a7faeb9d811483ee,1,249999980000000,43573272,142177,4999570,1743133891,0x649edd0ef89f3a61cde0d92f181e8c4127fe12f374dc752835271dfccf68ae1b,NewSale
0xbAa9672503be4067CCc6eBB08BEe52af3e0b3b4C,77637,0x2Bf46D4497e98FbA2304B0d2453922FFf559Ea02,16,0xfce8bb866c46ef053c14ec6cae2c8922cec217ed,1,33000000000000000000,43603787,186930,4999575,1743133901,0x817ed65f7b73d43339984101c9ff0b05d6df6f2bb3e6bca777c12a0a1a08477d,NewSale
0x5b72eC616B2A5BD04d1937de10a3275404A7620e,80575,0xbc2d6E7c81E7f35473b3594031FCC4c519fD24Ad,0,0x375698627024301af38d9f5554011c89dba8f765,1,200000000000000,42585121,140578,4999577,1743133905,0x0cb888ae63eff046b253dd5031d6956bdcf1f060efe7b8c38b11b60f201ac958,NewSale
0x80fe121B69163E17bd4e9CC573652e29E48fa4ae,80278,0xbc2d6E7c81E7f35473b3594031FCC4c519fD24Ad,1,0x007cc54bcd8daeb9d3d966a70b66cd75e13dc0e8,1,19200000000000000000,45000000,165054,4999582,1743133915,0xa26e4299c12994bcb2c8b35cbf70b1b0b426bf665affd39763f0781bca2bfd73,NewSale
0x80fe121B69163E17bd4e9CC573652e29E48fa4ae,80288,0xbc2d6E7c81E7f35473b3594031FCC4c519fD24Ad,0,0x007cc54bcd8daeb9d3d966a70b66cd75e13dc0e8,1,19500000000000000000,45000000,165054,4999599,1743133949,0x22899a5393eea46d94d92748fcb2704595aa73400016df74fc95396f52cc82a3,NewSale
0x36917037A8147b2691F7E1F8c0864B8Ef4b816F2,79128,0xbc2d6E7c81E7f35473b3594031FCC4c519fD24Ad,0,0xd598390b3cbaeadb70dd6ba2a7faeb9d811483ee,1,250000000000000,43874053,140578,4999612,1743133975,0xed680192ec115a298663b88c2ef34eb7729619f7a8ac55593aed3276fe29ebc3,NewSale
0x2065b7a05102C48A44CB985a1E1f466ac9cEE08C,80110,0xbc2d6E7c81E7f35473b3594031FCC4c519fD24Ad,0,0x52f58ad739e80dfdfb906b216c42c2025f72c6ff,1,260000000000000,43790595,140578,4999615,1743133981,0x0f3d06dd13eeb42e8f4e34e826b4d30800fa757b7d351a74884424ae23bb06ae,NewSale
0xb95d4006523A8c379AF93f403f2E86F290A1399e,80582,0xbc2d6E7c81E7f35473b3594031FCC4c519fD24Ad,1,0x64f7c019021ac74a68d90d08491ca43b2a632e71,1,5200000000000000,42790595,172031,4999615,1743133981,0xad87ee4e7b72e85f13b8fdfcf556318e94cecbc2c7e24331c4f97ad65c85f4f8,NewSale
0x80fe121B69163E17bd4e9CC573652e29E48fa4ae,79098,0xbc2d6E7c81E7f35473b3594031FCC4c519fD24Ad,0,0x007cc54bcd8daeb9d3d966a70b66cd75e13dc0e8,1,19500000000000000000,45000000,165054,4999616,1743133983,0xf92b337a8afcb39506b5399e65395aa1dfb813ad3fde9934fac88df65240bba5,NewSale
0x80fe121B69163E17bd4e9CC573652e29E48fa4ae,80278,0xbc2d6E7c81E7f35473b3594031FCC4c519fD24Ad,1,0x007cc54bcd8daeb9d3d966a70b66cd75e13dc0e8,1,19200000000000000000,45000000,165054,4999636,1743134023,0xec59601da70fac5a79058e187bef341dd838200fd760c7e6e55dea0ed4578e58,NewSale
0xeF0Ef28b882d166B732d00A01Ea762B9CCd3FE44,80558,0xbc2d6E7c81E7f35473b3594031FCC4c519fD24Ad,1,0xd598390b3cbaeadb70dd6ba2a7faeb9d811483ee,1,245000000000000,43496389,142189,4999655,1743134061,0xc266161f2db50e3b9d4320a5d953e8833e04b8f6fe7f1578d931dad4ec6d6a73,NewSale
0x127069B2dD718Ac0a5568F4aE7d401B271E116C6,80587,0xbc2d6E7c81E7f35473b3594031FCC4c519fD24Ad,1,0x64f7c019021ac74a68d90d08491ca43b2a632e71,1,2600000000000000,42244185,172043,4999672,1743134095,0x82439666aec5001292733ed7d09337b2c64d821c788ff6f7a6505a95ad06ba0d,NewSale
0x5b72eC616B2A5BD04d1937de10a3275404A7620e,80583,0xbc2d6E7c81E7f35473b3594031FCC4c519fD24Ad,0,0xd598390b3cbaeadb70dd6ba2a7faeb9d811483ee,1,200000000000000,42988499,140578,4999700,1743134151,0xb5dfb0e26e8b548a2ca3122c1d0855fd906e768ea176ffeff24dd5ce67a19bfe,NewSale
0xc61c71a88104821E59c33a3B634F7646E4A33F21,80046,0xdc0F91C5a4D200FfC21658901c77c0fE1A14d199,0,0xd2cfcb0c5dc1701631fd8f70e192479cc17c8f14,1,620000000000000,43049939,167283,4999715,1743134181,0x7f4b9a14c64209326750fefb6dab67cfb198ddcedc3dd446bc79df689ec4cde5,NewSale
0x9182E495237D821322F6B0E9E417FC2AF98D85e5,80591,0xbc2d6E7c81E7f35473b3594031FCC4c519fD24Ad,1,0x64f7c019021ac74a68d90d08491ca43b2a632e71,1,561200000000000,41739228,172043,4999733,1743134217,0xead8629c728740a0069fcb21339d479aa5155fb745e8dcce65f960f2e953be08,NewSale
0x5b72eC616B2A5BD04d1937de10a3275404A7620e,80579,0xbc2d6E7c81E7f35473b3594031FCC4c519fD24Ad,0,0x957f6dada6be840a6dd84f38311ee7d93d00ba21,1,230000000000000,42620000,140566,4999737,1743134225,0xcecb990466edb43a5dec9fcab77453961c916c99e39f0d25cf33bf761c46919a,NewSale
0x2065b7a05102C48A44CB985a1E1f466ac9cEE08C,80098,0xbc2d6E7c81E7f35473b3594031FCC4c519fD24Ad,0,0x8248d298c1d144f0e8dabc21cfd935aed14b8636,1,260000000000000,42419012,140578,4999749,1743134249,0xd49bae2a09ac99ebc535f2f11e7bc60b3a629d62b09231354b656e3a40557f43,NewSale
0xd2F52D97a963e1cD15C249575f13F6C83EDD4Ded,80562,0xbc2d6E7c81E7f35473b3594031FCC4c519fD24Ad,1,0xd598390b3cbaeadb70dd6ba2a7faeb9d811483ee,1,240000000000000,42343378,140566,4999750,1743134251,0xcf11f50a0aaaf457f2a44435670ce5b62aa297cae63bf249489042c3c6438d85,NewSale
0x5b72eC616B2A5BD04d1937de10a3275404A7620e,80567,0xbc2d6E7c81E7f35473b3594031FCC4c519fD24Ad,0,0x1d85481ccfb9001d9216229109019085e2e1c8b7,1,230000000000000,41264560,140566,4999752,1743134255,0x16810bdfd52cce1728edfee0b5e00988be5197950ae207aea9646923a234523f,NewSale
0x80fe121B69163E17bd4e9CC573652e29E48fa4ae,80278,0xbc2d6E7c81E7f35473b3594031FCC4c519fD24Ad,1,0xfce8bb866c46ef053c14ec6cae2c8922cec217ed,1,19200000000000000000,41198023,182166,4999755,1743134261,0xbc6a02793dba7e7fc7f546e352da9fb346eda4c82ed82db1c80fa445b19dec10,NewSale
0x5b72eC616B2A5BD04d1937de10a3275404A7620e,80578,0xbc2d6E7c81E7f35473b3594031FCC4c519fD24Ad,0,0x84d26e46f3f523184ea941932a076ab96452e510,1,200000000000000,40327458,140578,4999786,1743134323,0x9652aa1015d61aa386ea2c2dda4e6a1791bd5e0fa317ef210b7efe692e2d8a49,NewSale
0x80fe121B69163E17bd4e9CC573652e29E48fa4ae,80278,0xbc2d6E7c81E7f35473b3594031FCC4c519fD24Ad,1,0xfce8bb866c46ef053c14ec6cae2c8922cec217ed,1,19200000000000000000,40274095,165066,4999789,1743134329,0x9e6bef727d6dff57d8ae18a7ed214cd9b9a31541d92d2ef81ad5369aa5eaec8f,NewSale
0xa49d6a8c5927c7953B056559cf8bCCcB91929676,80596,0xbc2d6E7c81E7f35473b3594031FCC4c519fD24Ad,1,0x64f7c019021ac74a68d90d08491ca43b2a632e71,1,512000000000000,40057989,172031,4999813,1743134377,0x585dc4e39f0faf19af57f7c0ab0decc5bc80e9965c176c4134c9108e91a22946,NewSale
0xd2F52D97a963e1cD15C249575f13F6C83EDD4Ded,80576,0xbc2d6E7c81E7f35473b3594031FCC4c519fD24Ad,1,0xd598390b3cbaeadb70dd6ba2a7faeb9d811483ee,1,200000000000000,40791836,140578,4999820,1743134391,0xc8bcc0c4ed525947f235e863ddaf3c4ecb3e72e374b431469ca834cb42c08c99,NewSale
0x786025EC0819495a368FcaC9149c2821897F5ca3,80405,0xdc0F91C5a4D200FfC21658901c77c0fE1A14d199,0,0xc0195af853f7c6ec11b9803d410ccc2c1b0dc08e,1,600000000000000,40078199,162483,4999866,1743134483,0x9e961fceccc479bd1c10712dd1a47c8ace683f7929d202ab15ed26bba5773a92,NewSale
0xe111f614F321959d39e9959Ac8cc94954fDBbc10,80350,0x26eA0a7Bd0e3feBc7Cd919Ab46e17b47cb01Cc04,216,0x4a0a69199f8c2dc5bd8c0b67528bbb1cce3935d3,1,400000000000000,39178199,172000,4999866,1743134483,0xabd44b29a2595466f369569cb71029d9781ed5fb8f313e72799ab9cba457a504,NewSale
0x78FD4dc09432751888FdDea628Ab56e03AC4f779,80598,0xbc2d6E7c81E7f35473b3594031FCC4c519fD24Ad,1,0x64f7c019021ac74a68d90d08491ca43b2a632e71,1,652000000000000,38963843,172043,4999881,1743134513,0xe9d0776bc4df9f6e41f53b4e0d391649ff72a448f95c2dc3a8fe58f9a09bd3a2,NewSale
0xf44F647D85DAf9f0Bc403cd9692331581bFD45f5,80601,0xbc2d6E7c81E7f35473b3594031FCC4c519fD24Ad,1,0x64f7c019021ac74a68d90d08491ca43b2a632e71,1,326000000000000,38121413,172043,4999935,1743134621,0x30c0f47f5713604993220cae58421cad09ae7c8368754d3e332ed45dc73c91ce,NewSale
0x5b72eC616B2A5BD04d1937de10a3275404A7620e,80573,0xbc2d6E7c81E7f35473b3594031FCC4c519fD24Ad,0,0x0b49e096e8701ab2e33b52e45a9673d0080fe288,1,200000000000000,38030740,140578,4999972,1743134695,0x29a41a7828056c91e545975faff0ec81727a6120e02a5a5f39fdf70f1cb50ac4,NewSale
0x80fe121B69163E17bd4e9CC573652e29E48fa4ae,80278,0xbc2d6E7c81E7f35473b3594031FCC4c519fD24Ad,1,0xda400a35e219c6774c00dd2be7bda96e4a53da72,1,19200000000000000000,37000000,158643,5000015,1743134781,0x0b1fe709dc13cd330a97f80ea4f9de04e69a8ff02ba1ff70a03c6ac87d513e73,NewSale
0x64f7C019021aC74A68D90D08491Ca43b2a632E71,80605,0xbc2d6E7c81E7f35473b3594031FCC4c519fD24Ad,1,0x529f71b8285ecbabf59359e9284e98ad05e683e7,1,16380000000000000000,35050472,178454,5000038,1743134827,0x6fa4076c184fbcc75a8e0bc30f606db53407885aef7868883bfdab9c7d25d6a6,NewSale
0x64f7C019021aC74A68D90D08491Ca43b2a632E71,80605,0xbc2d6E7c81E7f35473b3594031FCC4c519fD24Ad,1,0x529f71b8285ecbabf59359e9284e98ad05e683e7,1,16380000000000000000,34442806,161354,5000059,1743134869,0x815f3e6aae4d1d211d4ec97aeee27930f8dbf7fd0965babe1f5c5bc402b81663,NewSale
0x64f7C019021aC74A68D90D08491Ca43b2a632E71,80605,0xbc2d6E7c81E7f35473b3594031FCC4c519fD24Ad,1,0x529f71b8285ecbabf59359e9284e98ad05e683e7,1,16380000000000000000,34353975,161354,5000079,1743134909,0x1d133579a83a41f703be255f120ef357b1538b92155b98b74f6b8f6506264007,NewSale
0x230bFf75310590b1Ac4B5Fd4fb34A7cee8282Ea9,73329,0x6aD26D68bFf8cAD6bAaeA257832854e58B08150E,6,0x0cca90a4ba750fc7f970019df3e1e01c8f2ccd4e,1,600000000000000,34976685,164783,5000091,1743134933,0x7c138f195469a899fc0a94e2d1118c6d84ab3fd84fc434edefa905f995a3b228,NewSale
0x64f7C019021aC74A68D90D08491Ca43b2a632E71,80605,0xbc2d6E7c81E7f35473b3594031FCC4c519fD24Ad,1,0x529f71b8285ecbabf59359e9284e98ad05e683e7,1,16380000000000000000,33836634,161354,5000099,1743134949,0x7e42298219d2a0edc338074ca633cd291403273b97134b476adda670749f443a,NewSale
0x64f7C019021aC74A68D90D08491Ca43b2a632E71,80605,0xbc2d6E7c81E7f35473b3594031FCC4c519fD24Ad,1,0xb1e71171765e7fe13a4faf4e2b3ce3a089dda60c,1,16380000000000000000,34690000,182154,5000109,1743134969,0x36a910e1663b1bffbecacdd2cb2a55ae37ae82fe7519832ed7cadabbec7a380b,NewSale
0x64f7C019021aC74A68D90D08491Ca43b2a632E71,80605,0xbc2d6E7c81E7f35473b3594031FCC4c519fD24Ad,1,0x529f71b8285ecbabf59359e9284e98ad05e683e7,1,16380000000000000000,33601704,161354,5000119,1743134989,0x308d558a97028a5bf8e0c43069853d64dc3603d06b24d4e300d87f5cfdeb4f0d,NewSale
0x64f7C019021aC74A68D90D08491Ca43b2a632E71,80605,0xbc2d6E7c81E7f35473b3594031FCC4c519fD24Ad,1,0xb1e71171765e7fe13a4faf4e2b3ce3a089dda60c,1,16380000000000000000,34520000,165054,5000128,1743135007,0x6264d278c31a9d708f53c16e12c68710c8cdf212f20fc70eb1d73d65af52ae99,NewSale
0x64f7C019021aC74A68D90D08491Ca43b2a632E71,80605,0xbc2d6E7c81E7f35473b3594031FCC4c519fD24Ad,1,0x529f71b8285ecbabf59359e9284e98ad05e683e7,1,16380000000000000000,33781221,161354,5000139,1743135029,0x98fa5ca7a2c8e8d7a5f3d249255d079b21226cf9405fdc01f95261f5fc8401a0,NewSale
0x64f7C019021aC74A68D90D08491Ca43b2a632E71,80605,0xbc2d6E7c81E7f35473b3594031FCC4c519fD24Ad,1,0xb1e71171765e7fe13a4faf4e2b3ce3a089dda60c,1,16380000000000000000,34680000,165054,5000144,1743135039,0xa162d06228dba2824ee01bbca3a2c90c59a17241c72a7e09a5f4c5e1fa91248b,NewSale
0x64f7C019021aC74A68D90D08491Ca43b2a632E71,80605,0xbc2d6E7c81E7f35473b3594031FCC4c519fD24Ad,1,0xb1e71171765e7fe13a4faf4e2b3ce3a089dda60c,1,16380000000000000000,34880000,165054,5000159,1743135069,0x9cc14f715e0fc33470f99c772558a37b514f7244ef13a9ca6bc9f932c75acbfe,NewSale
0x64f7C019021aC74A68D90D08491Ca43b2a632E71,80605,0xbc2d6E7c81E7f35473b3594031FCC4c519fD24Ad,1,0x529f71b8285ecbabf59359e9284e98ad05e683e7,1,16380000000000000000,33882644,161354,5000160,1743135071,0xd1899d45fd0529fbb8cc2a8065fdc26fa3fdaa7ad1e7e662efc59056753a0136,NewSale
0x64f7C019021aC74A68D90D08491Ca43b2a632E71,80605,0xbc2d6E7c81E7f35473b3594031FCC4c519fD24Ad,1,0xb1e71171765e7fe13a4faf4e2b3ce3a089dda60c,1,16380000000000000000,34990000,165054,5000179,1743135109,0x54418d6ee036c911970f6a2d980cedbbe2e4da25e0310ebced2e451eb4a27ef4,NewSale
0x64f7C019021aC74A68D90D08491Ca43b2a632E71,80605,0xbc2d6E7c81E7f35473b3594031FCC4c519fD24Ad,1,0x529f71b8285ecbabf59359e9284e98ad05e683e7,1,16380000000000000000,33990265,161354,5000179,1743135109,0x1fb35eb1dbfd1fc1da991e818251b327e8f45d4a5ae9f2a69bc17479bbc3b38a,NewSale
0x230bFf75310590b1Ac4B5Fd4fb34A7cee8282Ea9,73332,0x6aD26D68bFf8cAD6bAaeA257832854e58B08150E,3,0x0cca90a4ba750fc7f970019df3e1e01c8f2ccd4e,1,600000000000000,34978484,164783,5000183,1743135117,0x3c04fcf28856ecedef9f43fa3bc4381c42b998653da815e3b9b50e89f30f12ee,NewSale
0x64f7C019021aC74A68D90D08491Ca43b2a632E71,80605,0xbc2d6E7c81E7f35473b3594031FCC4c519fD24Ad,1,0xb1e71171765e7fe13a4faf4e2b3ce3a089dda60c,1,16380000000000000000,34850000,165054,5000195,1743135141,0xaeaa43f4834645b6a360a357ddfb30d105847a4284e05f02229cddc2af25396a,NewSale
0x64f7C019021aC74A68D90D08491Ca43b2a632E71,80605,0xbc2d6E7c81E7f35473b3594031FCC4c519fD24Ad,1,0x529f71b8285ecbabf59359e9284e98ad05e683e7,1,16380000000000000000,33923138,161354,5000200,1743135151,0xc7ed097901ddaf00cc301304fc430989434ccd80a2878f3ab9a69d93488bfc8a,NewSale
0x64f7C019021aC74A68D90D08491Ca43b2a632E71,80605,0xbc2d6E7c81E7f35473b3594031FCC4c519fD24Ad,1,0xb1e71171765e7fe13a4faf4e2b3ce3a089dda60c,1,16380000000000000000,34840000,165054,5000210,1743135171,0x7db3708a44fbc7dd48685d2dc4923b6084c2b055f90d83c116c4c2b19566a11c,NewSale
0x64f7C019021aC74A68D90D08491Ca43b2a632E71,80605,0xbc2d6E7c81E7f35473b3594031FCC4c519fD24Ad,1,0x529f71b8285ecbabf59359e9284e98ad05e683e7,1,16380000000000000000,33519298,161354,5000220,1743135191,0x1cbf96a7ccbdb1700b2fb8b074312e68d8594cc22e8c91bf04c7a5c7b2f38c1a,NewSale
0x64f7C019021aC74A68D90D08491Ca43b2a632E71,80605,0xbc2d6E7c81E7f35473b3594031FCC4c519fD24Ad,1,0xb1e71171765e7fe13a4faf4e2b3ce3a089dda60c,1,16380000000000000000,34440000,158643,5000228,1743135207,0xe61af624335182048a5ea125bc1a90e748b82089b78521d046e97432f4e4c244,NewSale
0x230bFf75310590b1Ac4B5Fd4fb34A7cee8282Ea9,73331,0x6aD26D68bFf8cAD6bAaeA257832854e58B08150E,4,0x0cca90a4ba750fc7f970019df3e1e01c8f2ccd4e,1,600000000000000,33835909,164783,5000259,1743135269,0x1d805ea46557f50bfba089d6cec760db55dc84ba3bf845e7ed3fe41b2de250bf,NewSale
0x4606D34BfBA1A800424C7C6FF81d464195C9447D,78785,0x02e21A25F0038fa5BDEe9c0b77aC0c1E84d3d6f0,1791,0xebd5f0763d46a9e9f9c82404b6ad3ee0788fd662,1,1000000,33666530,183417,5000275,1743135301,0x0cbfef220a27d8bb120241c8c2ae0dc17c4a8c4098459c710d315e00d5c5195a,NewSale
0x32f6F912133D4c36879c79A1415f2e1fb39432Ee,77937,0xbc2d6E7c81E7f35473b3594031FCC4c519fD24Ad,0,0x8248d298c1d144f0e8dabc21cfd935aed14b8636,1,300000000000000,33344891,140590,5000302,1743135355,0x426d0bdaf5951e31d181a4da620061015eb949791f710801cfc108abbb953e74,NewSale
0x230bFf75310590b1Ac4B5Fd4fb34A7cee8282Ea9,73333,0x6aD26D68bFf8cAD6bAaeA257832854e58B08150E,2,0x0cca90a4ba750fc7f970019df3e1e01c8f2ccd4e,1,600000000000000,32892055,164783,5000334,1743135419,0x246643ba5b8535dcf4e54cd9311d5976c4aba4125174584f95bd5be5bc5ce3a4,NewSale
0x230bFf75310590b1Ac4B5Fd4fb34A7cee8282Ea9,73335,0x6aD26D68bFf8cAD6bAaeA257832854e58B08150E,0,0x0cca90a4ba750fc7f970019df3e1e01c8f2ccd4e,1,600000000000000,32096081,164783,5000377,1743135505,0xf91a1e23081a74585856cd04bff8b227a72f9321b802d23996938e4a22a3a9e8,NewSale
0xFCe8BB866c46EF053c14eC6CAe2c8922cec217Ed,80611,0xbc2d6E7c81E7f35473b3594031FCC4c519fD24Ad,1,0xb1e71171765e7fe13a4faf4e2b3ce3a089dda60c,1,15000000000000000000,32050000,163443,5000399,1743135549,0x12c96cd552a357929537cb9b0dbc1ba9aec49212c3120021a6e740fbae3e41ef,NewSale
0x230bFf75310590b1Ac4B5Fd4fb34A7cee8282Ea9,73340,0x6aD26D68bFf8cAD6bAaeA257832854e58B08150E,9,0x0cca90a4ba750fc7f970019df3e1e01c8f2ccd4e,1,600000000000000,31651849,164783,5000420,1743135591,0xd6aa243aa17dd4530416109776fdbeba287b41d8863313e09be32f8cf5a9419d,NewSale
0xc61c71a88104821E59c33a3B634F7646E4A33F21,80044,0xdc0F91C5a4D200FfC21658901c77c0fE1A14d199,0,0x155a53d0c1b8b4aa0ae77116f968bca8c8e7230d,1,620000000000000,31704957,145383,5000430,1743135611,0xf714ece477e49f48565475059344f1f6421bba1a0c9e84c2c9af4dd0256417d2,NewSale
0x80fe121B69163E17bd4e9CC573652e29E48fa4ae,79098,0xbc2d6E7c81E7f35473b3594031FCC4c519fD24Ad,0,0xb1e71171765e7fe13a4faf4e2b3ce3a089dda60c,1,19500000000000000000,31580000,180555,5000436,1743135623,0xcc4c393f42fbbd7e4023fc50fbc243b5b6276e9ae440bed81f6615c9e3b86e3a,NewSale
0x529F71B8285ECbabF59359e9284E98AD05e683E7,80628,0xbc2d6E7c81E7f35473b3594031FCC4c519fD24Ad,1,0x64f7c019021ac74a68d90d08491ca43b2a632e71,1,16000000000000000000,30622788,178454,5000455,1743135661,0xef9249bc094511182d5b72eb5ae8c726bc3a05f666f2762514c3074a4887bdf3,NewSale
0x52F58AD739e80dfDFb906b216C42c2025f72C6Ff,80599,0xbc2d6E7c81E7f35473b3594031FCC4c519fD24Ad,0,0xe8e9f9534ce20c163fb7531f5c94d01115e3db9e,1,800000000000000,30584690,142189,5000469,1743135689,0x5ab11c902e9d97bc3a3b38449e3ee850c67426d4e9186baabcce01aa7c6aca3f,NewSale
0x529F71B8285ECbabF59359e9284E98AD05e683E7,80628,0xbc2d6E7c81E7f35473b3594031FCC4c519fD24Ad,1,0x64f7c019021ac74a68d90d08491ca43b2a632e71,1,16000000000000000000,30496263,161354,5000475,1743135701,0x49527971080ba686e578e48d7219886323d57998faa44f5c069cc08d9932951c,NewSale
0x230bFf75310590b1Ac4B5Fd4fb34A7cee8282Ea9,73341,0x6aD26D68bFf8cAD6bAaeA257832854e58B08150E,8,0x0cca90a4ba750fc7f970019df3e1e01c8f2ccd4e,1,600000000000000,31561890,164783,5000486,1743135723,0x8495434ffb98907cc427435bb598ff2e7ad5714d3a1a3e0e8a4018bdba6f7865,NewSale
0x529F71B8285ECbabF59359e9284E98AD05e683E7,80628,0xbc2d6E7c81E7f35473b3594031FCC4c519fD24Ad,1,0x64f7c019021ac74a68d90d08491ca43b2a632e71,1,16000000000000000000,30358269,161354,5000495,1743135741,0x177c04ac1dc0635d1bb86bb62e71d1a0a6cb967ac822ac2bd3fa04034af5aff4,NewSale
0xE7389a2D3efdAA1ef330a4476f423c40Af362e39,80620,0x6EF07dE7778f607b8658e743bd42Ad4Db277d54C,11,0xbaa9672503be4067ccc6ebb08bee52af3e0b3b4c,1,33000000000000000000,31278080,180539,5000496,1743135743,0x3e5c9cc541e2c3cccd958fb3068160757a2b0bd5303bcd600928ad7a5c095dc4,NewSale
0x529F71B8285ECbabF59359e9284E98AD05e683E7,80628,0xbc2d6E7c81E7f35473b3594031FCC4c519fD24Ad,1,0x64f7c019021ac74a68d90d08491ca43b2a632e71,1,16000000000000000000,30348695,161354,5000515,1743135781,0xf2792e4fceb49e2ccc184ac96e364b75a37785b28f90c7ef35566cea1b4bfa94,NewSale
0x230bFf75310590b1Ac4B5Fd4fb34A7cee8282Ea9,73342,0x6aD26D68bFf8cAD6bAaeA257832854e58B08150E,7,0x0cca90a4ba750fc7f970019df3e1e01c8f2ccd4e,1,600000000000000,31396167,164783,5000530,1743135811,0xb7b5e31e1aebbde056128af48d6412095eeaf79ed2628ac6c896576bdadfe5ec,NewSale
0x529F71B8285ECbabF59359e9284E98AD05e683E7,80628,0xbc2d6E7c81E7f35473b3594031FCC4c519fD24Ad,1,0x64f7c019021ac74a68d90d08491ca43b2a632e71,1,16000000000000000000,30480865,161354,5000536,1743135823,0xa1400a683b0040e627c73e92924ea8feb6066af48666689cb857a821f376a86d,NewSale
0x529F71B8285ECbabF59359e9284E98AD05e683E7,80628,0xbc2d6E7c81E7f35473b3594031FCC4c519fD24Ad,1,0x64f7c019021ac74a68d90d08491ca43b2a632e71,1,16000000000000000000,30582054,161354,5000557,1743135865,0x119ac43cf693a5e30ae9ba553df9731075222ed6f12807348a7b5f189e8e5cbd,NewSale
0x230bFf75310590b1Ac4B5Fd4fb34A7cee8282Ea9,73343,0x6aD26D68bFf8cAD6bAaeA257832854e58B08150E,6,0x0cca90a4ba750fc7f970019df3e1e01c8f2ccd4e,1,600000000000000,31695523,147683,5000571,1743135893,0x9a0aff24dfa12b23cedca92149acb70acd16592926df796cc8f1493704ec12d3,NewSale
0x529F71B8285ECbabF59359e9284E98AD05e683E7,80628,0xbc2d6E7c81E7f35473b3594031FCC4c519fD24Ad,1,0x64f7c019021ac74a68d90d08491ca43b2a632e71,1,16000000000000000000,30612917,161354,5000577,1743135905,0x6b2a51968e45da8b98625adcbd41e0c88579a253320c5b99f8add03ca4b45841,NewSale
0x529F71B8285ECbabF59359e9284E98AD05e683E7,80628,0xbc2d6E7c81E7f35473b3594031FCC4c519fD24Ad,1,0xff7969d86a01bbf8ac751215a7fddcec62c83963,1,16000000000000000000,30701198,182154,5000595,1743135941,0x54b3ed3863ab01ac9556b1e945026989109897e3e09441aa16f45860364af178,NewSale
0x529F71B8285ECbabF59359e9284E98AD05e683E7,80628,0xbc2d6E7c81E7f35473b3594031FCC4c519fD24Ad,1,0xa43178992842d7579436e6da3faad1ec6dc1545d,1,16000000000000000000,35000000,182154,5000597,1743135945,0x8d472560a6b03f418a7242b8a604d5a936855603e09067addb9e6d97c7355ff7,NewSale
0x529F71B8285ECbabF59359e9284E98AD05e683E7,80628,0xbc2d6E7c81E7f35473b3594031FCC4c519fD24Ad,1,0x64f7c019021ac74a68d90d08491ca43b2a632e71,1,16000000000000000000,30642892,154943,5000597,1743135945,0x8592c24ac961af2f4439ec7d40daa22c053d8e447ddc8152c5baed2eed992712,NewSale
0x230bFf75310590b1Ac4B5Fd4fb34A7cee8282Ea9,73344,0x6aD26D68bFf8cAD6bAaeA257832854e58B08150E,5,0x0cca90a4ba750fc7f970019df3e1e01c8f2ccd4e,1,600000000000000,31770379,164783,5000621,1743135993,0x0f08a3ae9cd79a754dc860a2b0de2363162549d2c0a6cc655d79b12acb7e393f,NewSale
0x80fe121B69163E17bd4e9CC573652e29E48fa4ae,80288,0xbc2d6E7c81E7f35473b3594031FCC4c519fD24Ad,0,0xa43178992842d7579436e6da3faad1ec6dc1545d,1,19500000000000000000,35000000,165066,5000628,1743136007,0xb06de80f019a96ea52794fc71e182f0e4665d80a9a664f2545bfab5d425c950c,NewSale
0x5b72eC616B2A5BD04d1937de10a3275404A7620e,80581,0xbc2d6E7c81E7f35473b3594031FCC4c519fD24Ad,0,0x8248d298c1d144f0e8dabc21cfd935aed14b8636,1,200000000000000,31717417,140578,5000657,1743136065,0x67e79207113e1bafceb4c225ff9a128d437e450858661ef8b90dfd6e0df71840,NewSale
0xFCe8BB866c46EF053c14eC6CAe2c8922cec217Ed,80602,0xbc2d6E7c81E7f35473b3594031FCC4c519fD24Ad,1,0xa43178992842d7579436e6da3faad1ec6dc1545d,1,20000000000000000000,35000000,158655,5000663,1743136077,0x13ed36a55d1487d3ca93ce4d4a4dc37ebd57584ff603a50ed366dd6e3ec68529,NewSale
0x41f07238C5096Eb7eb68c50FE8AE5AdDECBBF5C2,80663,0xbFCACb23F0B41EeEDFf7d04f52CE8f5125150806,11,0xfdb7f6cd26cdb2d9b9553db3e148411e87055fce,1,500000000000000,31951214,164783,5000667,1743136085,0x02d5395b8927069b285eea9e4e0cec620cddd4434071dfe243b67314f13a73a2,NewSale
0x80fe121B69163E17bd4e9CC573652e29E48fa4ae,80288,0xbc2d6E7c81E7f35473b3594031FCC4c519fD24Ad,0,0xa43178992842d7579436e6da3faad1ec6dc1545d,1,19500000000000000000,35000000,165066,5000680,1743136111,0x492bd2cb5e18e65d614895b4a9eb9ff3058fd2c19399e241867a9968e11ed274,NewSale
0xe8e9F9534cE20C163fB7531F5C94D01115E3dB9E,80701,0xbc2d6E7c81E7f35473b3594031FCC4c519fD24Ad,0,0xfacbab58d44f722c735c06e914e73e4d161bb86e,1,200000000000000,32159557,157678,5000686,1743136123,0xf1a770bcaf1ebb1a825eb8fdc41670bb566335338a1802b1813bfa12c3a31ec6,NewSale
0x80fe121B69163E17bd4e9CC573652e29E48fa4ae,78698,0xbc2d6E7c81E7f35473b3594031FCC4c519fD24Ad,0,0xa43178992842d7579436e6da3faad1ec6dc1545d,1,22000000000000000000,35000000,165066,5000717,1743136185,0x17fc3ae66b1cb7c7380912de245997abff3a7ed6508b9a103165b654c3f5e424,NewSale
0xe8e9F9534cE20C163fB7531F5C94D01115E3dB9E,80675,0xbc2d6E7c81E7f35473b3594031FCC4c519fD24Ad,0,0x0b49e096e8701ab2e33b52e45a9673d0080fe288,1,200000000000000,32721175,135778,5000726,1743136203,0x906848942200cc2e031286bafb2a6333ffb0e8bce2a0855cb514c5b38ea730cf,NewSale
0x80fe121B69163E17bd4e9CC573652e29E48fa4ae,80288,0xbc2d6E7c81E7f35473b3594031FCC4c519fD24Ad,0,0xa43178992842d7579436e6da3faad1ec6dc1545d,1,19500000000000000000,35000000,165066,5000736,1743136223,0x1a4963262ed57229f908276826ac46d09e48daf70f2307a8db951ad1619936c3,NewSale
0xeF0Ef28b882d166B732d00A01Ea762B9CCd3FE44,80622,0xbc2d6E7c81E7f35473b3594031FCC4c519fD24Ad,1,0xfacbab58d44f722c735c06e914e73e4d161bb86e,1,239000000000000,33013742,159289,5000743,1743136237,0xbe0b927bc1161e614ea647ecf6ecdb254b43b2fc07bb943f4fda6e46bc2b9645,NewSale
0xeF0Ef28b882d166B732d00A01Ea762B9CCd3FE44,80622,0xbc2d6E7c81E7f35473b3594031FCC4c519fD24Ad,1,0x527ab838af72dcd76fd7093e0952a11bfbb44374,1,239000000000000,33010000,159289,5000752,1743136255,0x787473187e9e3308739afe0d8e4d71ccfc050a589de0ac0bafebed6d0ae15217,NewSale
0x4B42391Baa84D0D412c2c89ba78d05304a7D679b,80530,0x02e21A25F0038fa5BDEe9c0b77aC0c1E84d3d6f0,2165,0xdeb679f97db9c8cbe0fafef1e7d7b5b68814e973,1,600000000000000,33038841,155258,5000768,1743136287,0xc4860172d0b66ae10c497d5c9df4760106b054a5dc99174dc43cca879d0446aa,NewSale
0x80fe121B69163E17bd4e9CC573652e29E48fa4ae,78698,0xbc2d6E7c81E7f35473b3594031FCC4c519fD24Ad,0,0xa43178992842d7579436e6da3faad1ec6dc1545d,1,22000000000000000000,35000000,165066,5000774,1743136299,0x2977ea9439fe784846e662ed31047381b92ac86e1f9ed551e5d8bb000ef60fd0,NewSale
0xeF0Ef28b882d166B732d00A01Ea762B9CCd3FE44,80622,0xbc2d6E7c81E7f35473b3594031FCC4c519fD24Ad,1,0x527ab838af72dcd76fd7093e0952a11bfbb44374,1,239000000000000,33010000,142189,5000774,1743136299,0x3013573bb158489d37778ec6d86e3e2350eff603e200a0e1161eaa413cfdcbbe,NewSale
0x504a81B79D2aD552380d0E80BB9EBba01d9601D4,80460,0xbc2d6E7c81E7f35473b3594031FCC4c519fD24Ad,1,0xd863e7b2feabc6912769d5a90340fc6761dba68b,1,245000000000000,32310149,135778,5000789,1743136329,0x98df00f5276203c0a13df3e84692cd6cd59ac42db4079340d80d5300a00c7cf2,NewSale
0x80fe121B69163E17bd4e9CC573652e29E48fa4ae,80288,0xbc2d6E7c81E7f35473b3594031FCC4c519fD24Ad,0,0xa43178992842d7579436e6da3faad1ec6dc1545d,1,19500000000000000000,35000000,165066,5000792,1743136335,0xf58d49aef0569f98d359e99f62db4e2fc7a0e19847be8b7c53d1b33918a7ccad,NewSale
0x9D3732727D5d56C2234264aB0154111EB91dD0CA,80589,0xbc2d6E7c81E7f35473b3594031FCC4c519fD24Ad,0,0x527ab838af72dcd76fd7093e0952a11bfbb44374,1,239900000000000,33340000,135778,5000797,1743136345,0x533d72f923f9eedd0b48f0c230bf377cd136777bd9bffbc25d680a29956783f4,NewSale
0xd2F52D97a963e1cD15C249575f13F6C83EDD4Ded,80502,0xbc2d6E7c81E7f35473b3594031FCC4c519fD24Ad,1,0x527ab838af72dcd76fd7093e0952a11bfbb44374,1,240000000000000,33510000,140566,5000817,1743136385,0x6064ff9f28419b1cdb23af592e42487421acdbe398d8ff5439cc29620c56461c,NewSale
0x80fe121B69163E17bd4e9CC573652e29E48fa4ae,80288,0xbc2d6E7c81E7f35473b3594031FCC4c519fD24Ad,0,0xa43178992842d7579436e6da3faad1ec6dc1545d,1,19500000000000000000,35000000,165066,5000826,1743136403,0x075cf82df75039018fad702f2b8493a89a85a28dc0ed1c439e6219cda49fcd0e,NewSale
0xd2F52D97a963e1cD15C249575f13F6C83EDD4Ded,80590,0xbc2d6E7c81E7f35473b3594031FCC4c519fD24Ad,1,0x527ab838af72dcd76fd7093e0952a11bfbb44374,1,240000000000000,33930000,140566,5000840,1743136431,0xd458c32809c4f18c884a91fdf53a168e4f73e207d4bb3620e3e5dcaa9cd67382,NewSale
0xCc6B41Ae3B2bC329ca90484F119C701Aaf058978,79672,0xbc2d6E7c81E7f35473b3594031FCC4c519fD24Ad,1,0xd863e7b2feabc6912769d5a90340fc6761dba68b,1,249900000000000,33271035,135778,5000842,1743136435,0x58ffc400961d7841ae1d41a3db5c6936f8f0b1a69798d2284e98d929ec84a7bf,NewSale
0xfEaF76b47D6469deECCBa3F360844Bc65a24a542,79985,0xDfC21bE7cC791a5f03A95E836D385bBC6d7dF384,1349,0xdeb679f97db9c8cbe0fafef1e7d7b5b68814e973,1,640000000000000,34273025,155246,5000854,1743136459,0x20646dfff546d1f2139f483302dc5088c4f1681e6d94631fe0aaf1f780e5f340,NewSale
0x80fe121B69163E17bd4e9CC573652e29E48fa4ae,80288,0xbc2d6E7c81E7f35473b3594031FCC4c519fD24Ad,0,0xa43178992842d7579436e6da3faad1ec6dc1545d,1,19500000000000000000,35000000,165066,5000862,1743136475,0xabf13f4a7ffd923d25a4433351c78e38516bce9dc145cfe36ca064ea9cb19cc7,NewSale
0xd2F52D97a963e1cD15C249575f13F6C83EDD4Ded,80580,0xbc2d6E7c81E7f35473b3594031FCC4c519fD24Ad,1,0x527ab838af72dcd76fd7093e0952a11bfbb44374,1,240000000000000,34420000,140566,5000869,1743136489,0xc85476544d286d2682f97466a8378c93a9b92624b663b97b33230f759d4bb200,NewSale
0x8505E4D753193aF3C2F80Bc8b8159725758194D1,77250,0x7e5F161dd824d98AC3474eBf550716d0cb83E8C6,0,0xdeb679f97db9c8cbe0fafef1e7d7b5b68814e973,1,500000000000000,34596236,162483,5000885,1743136521,0x8e1f4e6eaa2e89dc8214e87556f66b5754d22e20eafd44dd3c44fd295e286e95,NewSale
0xfacBAb58D44f722C735c06E914E73e4D161bb86E,80711,0xbc2d6E7c81E7f35473b3594031FCC4c519fD24Ad,0,0x601cb7712f86a279d0fbd5f6bad26407ddea1c26,1,200000000000000,33696236,135778,5000885,1743136521,0x36cbd03cee7fafa7b7675c0a6c76df46d0bd48f5952d72c016f7448c1b6d510e,NewSale
0xbAa9672503be4067CCc6eBB08BEe52af3e0b3b4C,80593,0x2Bf46D4497e98FbA2304B0d2453922FFf559Ea02,56,0x2aced195a854401703df68fd487d3b52598de893,1,599900000000000,34520000,164783,5000896,1743136543,0xef2a11a6f3f7c93123377f5b58db3d1dafa77d28b4f2191aa95d270dd8419fed,NewSale
0xfacBAb58D44f722C735c06E914E73e4D161bb86E,80713,0xbc2d6E7c81E7f35473b3594031FCC4c519fD24Ad,1,0x527ab838af72dcd76fd7093e0952a11bfbb44374,1,200000000000000,34530000,135778,5000913,1743136577,0x91bb26ace55bcb9408726a727f1ca0f59f32112fa3505e78e7f9f71246870f85,NewSale
0xbAa9672503be4067CCc6eBB08BEe52af3e0b3b4C,80556,0x2Bf46D4497e98FbA2304B0d2453922FFf559Ea02,81,0x2aced195a854401703df68fd487d3b52598de893,1,599990000000000,34600000,164783,5000919,1743136589,0xa5d6510e7a3af14b56681aeeaced718f2368b49b78928992ac59d850013ff32e,NewSale
0xf3fc7730BF75975A916428d69DD20FBe35A20fc9,80586,0xbc2d6E7c81E7f35473b3594031FCC4c519fD24Ad,0,0x52f58ad739e80dfdfb906b216c42c2025f72c6ff,1,249999999990000,34654064,140590,5000951,1743136653,0xb233bf929948af212ef928791618c6ec42df808ea0d37ccd0c2550e06adf3212,NewSale
0xd2F52D97a963e1cD15C249575f13F6C83EDD4Ded,80594,0xbc2d6E7c81E7f35473b3594031FCC4c519fD24Ad,1,0x527ab838af72dcd76fd7093e0952a11bfbb44374,1,240000000000000,34530000,135766,5000959,1743136669,0x348b02363a8bdbe4b19857775e33267a561da601e2ede8616283666de369f16d,NewSale
0xFf7969D86A01bbf8Ac751215A7FDdCEC62c83963,80708,0xbc2d6E7c81E7f35473b3594031FCC4c519fD24Ad,1,0x7ab3165a889beb23900035ff2d7943b8f810c3be,1,30000000000000000000,33535417,175743,5000988,1743136727,0x50b8e30066ba69e642b25dc9b8d02ed0e038e25c19926a45110527099cd1f409,NewSale
0xD863e7b2FeaBC6912769D5a90340Fc6761Dba68b,80728,0xbc2d6E7c81E7f35473b3594031FCC4c519fD24Ad,1,0x527ab838af72dcd76fd7093e0952a11bfbb44374,1,200000000000000,34410000,140578,5000991,1743136733,0x5a041f93d248ef3c5859afeb1adcb56000ee6d18e7eb280369cc3ab0c7ab96c7,NewSale
0x4F81E0B77E14DAA9f86627a47988b7ee2c4D8D59,79229,0xdc0F91C5a4D200FfC21658901c77c0fE1A14d199,0,0x405ed99e12daf1ee89dbdd1d0d4fd933d63eb13d,1,650000000000000,36120000,150183,5001000,1743136751,0x71ef41e7781902557074d2e8360d8b1c0dea400ff2bfa089c30dd3074aa09290,NewSale
0xD863e7b2FeaBC6912769D5a90340Fc6761Dba68b,80732,0xbc2d6E7c81E7f35473b3594031FCC4c519fD24Ad,0,0xa33afe994d3920a9a620c516fc4de20c06dd9bee,1,200000000000000,34510000,140578,5001014,1743136779,0x412b9ca77617ea846b791ef439eae6e9a13f4e271c5147d58d5ced46dcab044b,NewSale
0xD863e7b2FeaBC6912769D5a90340Fc6761Dba68b,80730,0xbc2d6E7c81E7f35473b3594031FCC4c519fD24Ad,0,0x527ab838af72dcd76fd7093e0952a11bfbb44374,1,200000000000000,34450000,140578,5001014,1743136779,0x1e3a4767ba15afa84e30d9f35cd94525b8731693bd6c1300aa73c6ce1c238c30,NewSale
0xD863e7b2FeaBC6912769D5a90340Fc6761Dba68b,80727,0xbc2d6E7c81E7f35473b3594031FCC4c519fD24Ad,1,0xfacbab58d44f722c735c06e914e73e4d161bb86e,1,200000000000000,35741395,157678,5001050,1743136851,0x7d5f797bf0a91b3ea408c07923aaeb5c122b8d8993e215d4508727a362fd4370,NewSale
0x0B49e096e8701ab2e33B52E45a9673d0080FE288,80731,0xbc2d6E7c81E7f35473b3594031FCC4c519fD24Ad,0,0xa33afe994d3920a9a620c516fc4de20c06dd9bee,1,210000000000000,35280000,140578,5001053,1743136857,0x848e87d481a4d549e92bbaac0480b3e4b99c1c28cc2d4ce71162a49b634fce31,NewSale
0xD863e7b2FeaBC6912769D5a90340Fc6761Dba68b,80734,0xbc2d6E7c81E7f35473b3594031FCC4c519fD24Ad,0,0xfacbab58d44f722c735c06e914e73e4d161bb86e,1,200000000000000,37328625,152878,5001107,1743136965,0x2c14123f5d04fd7ea4f41684266b112a6f818b08e1a293c6086984bfcbacdb10,NewSale
0x7ab3165a889Beb23900035FF2d7943B8F810C3be,80737,0xbc2d6E7c81E7f35473b3594031FCC4c519fD24Ad,1,0xff7969d86a01bbf8ac751215a7fddcec62c83963,1,25000000000000000000,36926650,175755,5001154,1743137059,0xda7103ffadea9bf164f901e0d27d1458b907d976848f7f32304ab0f2b6df00e8,NewSale
0xD863e7b2FeaBC6912769D5a90340Fc6761Dba68b,80716,0xbc2d6E7c81E7f35473b3594031FCC4c519fD24Ad,1,0xa33afe994d3920a9a620c516fc4de20c06dd9bee,1,200000000000000,37850000,152878,5001162,1743137075,0x0bc34f4cc7d5a18a4d212442566debccab5df0d3ca55b7c9f6516ca32ec8304e,NewSale
0xeF0Ef28b882d166B732d00A01Ea762B9CCd3FE44,80622,0xbc2d6E7c81E7f35473b3594031FCC4c519fD24Ad,1,0xa33afe994d3920a9a620c516fc4de20c06dd9bee,1,239000000000000,37230000,142189,5001187,1743137125,0xc8e5935b2c3aa48089dd122e45033e50c5696efc4581d9c0d61243550fbfd335,NewSale
0xC0DEc165A5d6e6766Fbc35c977f89535899D0411,77663,0xbc2d6E7c81E7f35473b3594031FCC4c519fD24Ad,0,0xbb879d84d69f4f5626531ea36d3124ce42fd6424,1,249999950000000,37266850,142201,5001188,1743137127,0x15d5d0237fdbfa6497e73bae8c47188ed137317659c899289f91968c5ac79922,NewSale
0xB1E71171765E7fE13A4FaF4e2B3cE3a089DDa60C,80747,0xbc2d6E7c81E7f35473b3594031FCC4c519fD24Ad,1,0xae2ab084d4fcd880bc09f4cd54e104d55b749c65,1,17000000000000000000,40000000,180543,5001190,1743137131,0x79f0fa3488e0ad2fb66878b4626b5b94160af9df3392a2160cbbac36094269c7,NewSale
0x0B49e096e8701ab2e33B52E45a9673d0080FE288,80741,0xbc2d6E7c81E7f35473b3594031FCC4c519fD24Ad,0,0xfacbab58d44f722c735c06e914e73e4d161bb86e,1,210000000000000,37427849,140578,5001203,1743137157,0x49b8e1b89a02267461120a5b320c4ae2b13650a04f10504b9a5f2815bac77a48,NewSale
0xB1E71171765E7fE13A4FaF4e2B3cE3a089DDa60C,80746,0xbc2d6E7c81E7f35473b3594031FCC4c519fD24Ad,1,0xae2ab084d4fcd880bc09f4cd54e104d55b749c65,1,17000000000000000000,40000000,163443,5001209,1743137169,0xdd82b74e650311f65b34a8d4f255e5134d961bd60eb94495d5b978378aec7c7c,NewSale
0xC0DEc165A5d6e6766Fbc35c977f89535899D0411,77662,0xbc2d6E7c81E7f35473b3594031FCC4c519fD24Ad,0,0xbb879d84d69f4f5626531ea36d3124ce42fd6424,1,249999960000000,37189696,142189,5001213,1743137177,0xbd9c225055a2f703a666db3089763b967dd3dfbf356f25f61287310b268756b9,NewSale
0x73ceaff5daf1e92a8cF01cB9602B166E50eDAef3,79296,0xbc2d6E7c81E7f35473b3594031FCC4c519fD24Ad,1,0xa33afe994d3920a9a620c516fc4de20c06dd9bee,1,249900000000000,37200000,135778,5001223,1743137197,0xd4590feb5f54048cdf701a449760e38a005a9972ec77a8e2803ae7f53d414f09,NewSale
0x80fe121B69163E17bd4e9CC573652e29E48fa4ae,80288,0xbc2d6E7c81E7f35473b3594031FCC4c519fD24Ad,0,0xb2449b7793538672246ce4341e91999ce28e50ff,1,19500000000000000000,38000000,182166,5001225,1743137201,0xadb0233b59232bd0b71b947942e1186aad4401f1ad7538319c8e4eab2209c1b1,NewSale
0xB1E71171765E7fE13A4FaF4e2B3cE3a089DDa60C,80740,0xbc2d6E7c81E7f35473b3594031FCC4c519fD24Ad,1,0xae2ab084d4fcd880bc09f4cd54e104d55b749c65,1,17000000000000000000,40000000,163443,5001227,1743137205,0x682d75414343f2162941870eac618e878ba00a5971c688f3b00ad14aefcdba2a,NewSale
0xe9E40f7Cb89F5dc05fE0a936a8B20d6A303C41Ff,79324,0xbc2d6E7c81E7f35473b3594031FCC4c519fD24Ad,1,0xbb879d84d69f4f5626531ea36d3124ce42fd6424,1,249900000000000,37103470,152878,5001233,1743137217,0x5dfefb826bbe34cb450bd62b1d081ecf8d3d69673419d8a23b73fad941e9d4f5,NewSale
0xB1E71171765E7fE13A4FaF4e2B3cE3a089DDa60C,80752,0xbc2d6E7c81E7f35473b3594031FCC4c519fD24Ad,1,0xae2ab084d4fcd880bc09f4cd54e104d55b749c65,1,18000000000000000000,40000000,163443,5001245,1743137241,0x35c9cfaf3f3c5d66aa302418c907ddf940655ccb6dc90e3e8699ced0e31d2c40,NewSale
0xC0DEc165A5d6e6766Fbc35c977f89535899D0411,77662,0xbc2d6E7c81E7f35473b3594031FCC4c519fD24Ad,0,0xbb879d84d69f4f5626531ea36d3124ce42fd6424,1,249999960000000,37118688,142189,5001254,1743137259,0x80b17c0cf041fb08b7742c93c5f036fa8b33773dab1996793ca11c4f0f45e25d,NewSale
0xFf7969D86A01bbf8Ac751215A7FDdCEC62c83963,80763,0xbc2d6E7c81E7f35473b3594031FCC4c519fD24Ad,1,0x7ab3165a889beb23900035ff2d7943b8f810c3be,1,25000000000000000000,36130529,175743,5001257,1743137265,0x96a079df7bdca89f50b95230fd27e60001581f1a9d7ab77dda8b2722767a6d13,NewSale
0xB1E71171765E7fE13A4FaF4e2B3cE3a089DDa60C,80748,0xbc2d6E7c81E7f35473b3594031FCC4c519fD24Ad,1,0xae2ab084d4fcd880bc09f4cd54e104d55b749c65,1,17000000000000000000,40000000,163443,5001263,1743137277,0x34a907f5548e350e84b72eaeead483f8298d60008140fd2e391216eb6985b6ee,NewSale
0xC0DEc165A5d6e6766Fbc35c977f89535899D0411,77661,0xbc2d6E7c81E7f35473b3594031FCC4c519fD24Ad,0,0xbb879d84d69f4f5626531ea36d3124ce42fd6424,1,249999970000000,37276418,142201,5001276,1743137303,0x087ccadb178f0570d9f1de9547ce3d14812ef23dbb1e23c1925004aacfb2bcab,NewSale
0xB1E71171765E7fE13A4FaF4e2B3cE3a089DDa60C,80751,0xbc2d6E7c81E7f35473b3594031FCC4c519fD24Ad,1,0xae2ab084d4fcd880bc09f4cd54e104d55b749c65,1,17000000000000000000,40000000,163443,5001279,1743137309,0x78d1bdbaff6e17e9473dfe21f190877e4da484915d9e775739ec419a904e7db3,NewSale
0xFCe8BB866c46EF053c14eC6CAe2c8922cec217Ed,80714,0xF4527A094c80C7eD9039Ed485d1AAb914b074A49,0,0x4bf3b0060cc3f16d6542dec2bcf7a061454a1b45,1,20000000000000000000,37130000,208366,5001281,1743137313,0x15d8dbed95bb235333231588ad4cfd7d1a34d65e6987381bcf713412890ab717,NewSale
0xB1E71171765E7fE13A4FaF4e2B3cE3a089DDa60C,80764,0xbc2d6E7c81E7f35473b3594031FCC4c519fD24Ad,1,0xae2ab084d4fcd880bc09f4cd54e104d55b749c65,1,19000000000000000000,40000000,163455,5001297,1743137345,0xbe9701adca0314d32f879ab018852a7dc625adb84b9c11a81743fd5dbc3647bb,NewSale
0xC0DEc165A5d6e6766Fbc35c977f89535899D0411,77663,0xbc2d6E7c81E7f35473b3594031FCC4c519fD24Ad,0,0xbb879d84d69f4f5626531ea36d3124ce42fd6424,1,249999950000000,37002125,142201,5001300,1743137351,0x51b1cb4439609de031025b90895583f9e2e3c7ccbddcc371d1b5ac516d546bc7,NewSale
0x80fe121B69163E17bd4e9CC573652e29E48fa4ae,80288,0xbc2d6E7c81E7f35473b3594031FCC4c519fD24Ad,0,0xae2ab084d4fcd880bc09f4cd54e104d55b749c65,1,19500000000000000000,40000000,163455,5001316,1743137383,0x4638a245e296fa11954e4daaa947fa96624a811584526cb28c3e1afae0fec6d2,NewSale
0xC0DEc165A5d6e6766Fbc35c977f89535899D0411,77662,0xbc2d6E7c81E7f35473b3594031FCC4c519fD24Ad,0,0xbb879d84d69f4f5626531ea36d3124ce42fd6424,1,249999960000000,36956444,142189,5001332,1743137415,0x75ac1ac7bc97be102ae3a8d0103cc50b37f1ed2de8525f216b2b3f917818c52d,NewSale
0xB1E71171765E7fE13A4FaF4e2B3cE3a089DDa60C,80742,0xbc2d6E7c81E7f35473b3594031FCC4c519fD24Ad,1,0xae2ab084d4fcd880bc09f4cd54e104d55b749c65,1,19000000000000000000,40000000,163455,5001334,1743137419,0x4e48991fa3970c82ddd150a2cd7b662debdfb1d26e483d1ef7e997d814ef056b,NewSale
0xfacBAb58D44f722C735c06E914E73e4D161bb86E,80768,0xbc2d6E7c81E7f35473b3594031FCC4c519fD24Ad,0,0x80fe121b69163e17bd4e9cc573652e29e48fa4ae,1,200000000000000,36676519,140578,5001335,1743137421,0xa5a96b8030186f2a330ee7049eed0c3afcabf46e6b1408d31fe06c0a9f1002b0,NewSale
0x7ab3165a889Beb23900035FF2d7943B8F810C3be,80767,0xbc2d6E7c81E7f35473b3594031FCC4c519fD24Ad,1,0xff7969d86a01bbf8ac751215a7fddcec62c83963,1,25000000000000000000,35721555,175755,5001336,1743137423,0x6ffdeb5f30367c2ba283958835ea386f88451a432beab4a09bdd54da677c99c6,NewSale
0xB1E71171765E7fE13A4FaF4e2B3cE3a089DDa60C,80765,0xbc2d6E7c81E7f35473b3594031FCC4c519fD24Ad,1,0xae2ab084d4fcd880bc09f4cd54e104d55b749c65,1,19000000000000000000,40000000,158655,5001354,1743137459,0x99b66bc66dcfe61785094e9a0ac61bd859cc0761a0a132e44ece2ed82e819390,NewSale
0x42B0A3c7F94A9ee4AC3E2242Ec8031f45DF7F589,80735,0xdc0F91C5a4D200FfC21658901c77c0fE1A14d199,0,0x76ebe60bc558ccc8f02659d174fc01542088d2f8,1,1000000000000000,36250000,162483,5001361,1743137473,0xb845e44320572bd8c98dda7c07258aefb1d8a137e8c86d7da9f27235646bd68d,NewSale
0x57d1B3eF44E2A3533865a7042448f2d897181C98,79240,0xdc0F91C5a4D200FfC21658901c77c0fE1A14d199,0,0x0fc7a0b39e563839842bb1dc854a8eab9c4c1eca,1,650000000000000,36250000,150183,5001366,1743137483,0xec7892af01945591f324682736c3139b673a2831e31e907c8539cd1b17f372cf,NewSale
0xC0DEc165A5d6e6766Fbc35c977f89535899D0411,77661,0xbc2d6E7c81E7f35473b3594031FCC4c519fD24Ad,0,0x0b49e096e8701ab2e33b52e45a9673d0080fe288,1,249999970000000,36054065,142201,5001367,1743137485,0x360c94dab41104e3f999a9756a4c60ded9020a83ff7d40b73ea1bb31203740ce,NewSale
0xeF0Ef28b882d166B732d00A01Ea762B9CCd3FE44,80622,0xbc2d6E7c81E7f35473b3594031FCC4c519fD24Ad,1,0xbb879d84d69f4f5626531ea36d3124ce42fd6424,1,239000000000000,36079428,142189,5001368,1743137487,0xe13ce1b49aebe4f34d0fb25e43b0ee56982ba58943afa381275267995787e7e0,NewSale
0xfacBAb58D44f722C735c06E914E73e4D161bb86E,80769,0xbc2d6E7c81E7f35473b3594031FCC4c519fD24Ad,1,0x80fe121b69163e17bd4e9cc573652e29e48fa4ae,1,200000000000000,35631449,152878,5001381,1743137513,0xbff7de70ad468076307020150b7d3b136ead93f4ad696532d8c93db5e6b66a5f,NewSale
0xeF0Ef28b882d166B732d00A01Ea762B9CCd3FE44,80622,0xbc2d6E7c81E7f35473b3594031FCC4c519fD24Ad,1,0xbb879d84d69f4f5626531ea36d3124ce42fd6424,1,239000000000000,35530512,142189,5001389,1743137529,0x64012f5cf064166bb5fc718225215c8cde9bf5dd18a9ae383bb76c8a25a06a86,NewSale
0xfacBAb58D44f722C735c06E914E73e4D161bb86E,80771,0xbc2d6E7c81E7f35473b3594031FCC4c519fD24Ad,0,0x80fe121b69163e17bd4e9cc573652e29e48fa4ae,1,200000000000000,34674856,135778,5001425,1743137601,0x4a2ea676f033d5351f77e279f6fb1bb2519b3ad454c6fa248004096d8049cc97,NewSale
0xFf7969D86A01bbf8Ac751215A7FDdCEC62c83963,80770,0xbc2d6E7c81E7f35473b3594031FCC4c519fD24Ad,1,0x7ab3165a889beb23900035ff2d7943b8f810c3be,1,25000000000000000000,33930475,175743,5001433,1743137617,0x18195667682d05847fa992189dcc39f890c89ba2596bb6c8326ac6dc5cb57b91,NewSale
0x3045C2A1019dD1D3874669B7661562d982B3E2dE,79696,0xbc2d6E7c81E7f35473b3594031FCC4c519fD24Ad,1,0x527ab838af72dcd76fd7093e0952a11bfbb44374,1,249900000000000,35440000,135778,5001441,1743137633,0xd0f604435afb6724d9bbd8d352eb3975b64fba850729f09a781ab41eedbd76be,NewSale
0xFCe8BB866c46EF053c14eC6CAe2c8922cec217Ed,80710,0xbc2d6E7c81E7f35473b3594031FCC4c519fD24Ad,0,0xb2449b7793538672246ce4341e91999ce28e50ff,1,20000000000000000000,35000000,158655,5001454,1743137659,0xd0886d05c21a6784b5a8849d6ad99cd73a76b6bcaca15da05b45366226ea359f,NewSale
0x4F81E0B77E14DAA9f86627a47988b7ee2c4D8D59,79231,0xdc0F91C5a4D200FfC21658901c77c0fE1A14d199,0,0xf4bff4fafce6bb93eaeab4c5eded3ea681250d5e,1,650000000000000,34615784,145383,5001456,1743137663,0x983226a39d2672f6e2243fad0c0b400f495a1f469ca1f5690c8628902e73d191,NewSale
0xFCe8BB866c46EF053c14eC6CAe2c8922cec217Ed,80744,0x2Bf46D4497e98FbA2304B0d2453922FFf559Ea02,0,0x2d3f87f23ea237cba3d07228058171b70b44da12,1,20000000000000000000,33136486,186930,5001471,1743137693,0x6ccb0374eeec5fd614924244075858e834b3ec2bdbf3c81c210fcd7f277a880d,NewSale
0xeF0Ef28b882d166B732d00A01Ea762B9CCd3FE44,80622,0xbc2d6E7c81E7f35473b3594031FCC4c519fD24Ad,1,0x0b49e096e8701ab2e33b52e45a9673d0080fe288,1,239000000000000,33652843,159289,5001491,1743137733,0xbf0becfc304babd3d8b8d43b76037ff683e3ffe92b33082ab023ab716719b411,NewSale
0x7ab3165a889Beb23900035FF2d7943B8F810C3be,80773,0xbc2d6E7c81E7f35473b3594031FCC4c519fD24Ad,1,0xff7969d86a01bbf8ac751215a7fddcec62c83963,1,25000000000000000000,32362139,175755,5001518,1743137787,0x9abdfa9d5dd89d7642e39626cc957621492bfba0f6328732301ba12a16b41f20,NewSale
0xB1E71171765E7fE13A4FaF4e2B3cE3a089DDa60C,80766,0xbc2d6E7c81E7f35473b3594031FCC4c519fD24Ad,0,0x2d3f87f23ea237cba3d07228058171b70b44da12,1,22000000000000000000,32300912,158655,5001522,1743137795,0x99bfece6781ecc790753354776cc3149bf03170cc53ad820c9c423ab25d12036,NewSale
0xdeB679F97db9C8cBE0fAfEf1e7d7B5b68814E973,80733,0x7e5F161dd824d98AC3474eBf550716d0cb83E8C6,0,0x4bf3b0060cc3f16d6542dec2bcf7a061454a1b45,1,500000000000000,33300000,162483,5001528,1743137807,0xe38883d9b95521450e8283895a23c8f22ee13df68c78c7026eef596dd05dff34,NewSale
0x57d1B3eF44E2A3533865a7042448f2d897181C98,79242,0xdc0F91C5a4D200FfC21658901c77c0fE1A14d199,0,0xb838137b1e70a83ab6f7a375bfb02ed87cd3c789,1,650000000000000,32995563,150183,5001544,1743137839,0xec2f1f9e3f8d201f6b9663284bbedd86219bcaf49ae7a8de10b1059f1146808c,NewSale
0x80fe121B69163E17bd4e9CC573652e29E48fa4ae,80775,0xbc2d6E7c81E7f35473b3594031FCC4c519fD24Ad,1,0x2d3f87f23ea237cba3d07228058171b70b44da12,1,19500000000000000000,31651329,175755,5001558,1743137867,0x2792d8eb17af80e65d3e20edbccfc01b0410674542d71a64ec598d81dbce6634,NewSale
0x57d1B3eF44E2A3533865a7042448f2d897181C98,79245,0xdc0F91C5a4D200FfC21658901c77c0fE1A14d199,0,0xb9803e6898f7f75e804cd5506b72074a7fb43138,1,650000000000000,32630000,167283,5001568,1743137887,0x2574a926f1c99c0cff858f672432e7853811122281e3720cd0dd9bc704ec1558,NewSale
0xeF0Ef28b882d166B732d00A01Ea762B9CCd3FE44,80622,0xbc2d6E7c81E7f35473b3594031FCC4c519fD24Ad,1,0x0b49e096e8701ab2e33b52e45a9673d0080fe288,1,239000000000000,32554556,142189,5001577,1743137905,0x821a3aebc8fdb2b51ecdbcbc50788687cd86862714a5f5a2789a191a08ce6599,NewSale
0xeF0Ef28b882d166B732d00A01Ea762B9CCd3FE44,80622,0xbc2d6E7c81E7f35473b3594031FCC4c519fD24Ad,1,0xf06be41ca39ea5328afbb1b73a9a9a0fd0ee0ce9,1,239000000000000,32320000,142189,5001591,1743137933,0x7096453640e8341817b531533308b8d6f140bb579bd1546cc40b14d8dbc63a91,NewSale
0x150586bFD1BfCAD426e4b699986338ef2008C4F6,80772,0xbc2d6E7c81E7f35473b3594031FCC4c519fD24Ad,1,0x2d3f87f23ea237cba3d07228058171b70b44da12,1,249000000000000,31340509,135778,5001599,1743137949,0x3abc2b57fe3ca72e5d1c159ccd8ce04f5686432189041486847caa250d502b07,NewSale
0x80fe121B69163E17bd4e9CC573652e29E48fa4ae,80774,0xbc2d6E7c81E7f35473b3594031FCC4c519fD24Ad,0,0x2d3f87f23ea237cba3d07228058171b70b44da12,1,19900000000000000000,31297276,165054,5001605,1743137961,0x0f9c9f5d01d9fdd2a9e17817268ce1145a6d4facbfda74716ca624444868ef86,NewSale
0x230bFf75310590b1Ac4B5Fd4fb34A7cee8282Ea9,80762,0x6aD26D68bFf8cAD6bAaeA257832854e58B08150E,0,0x2955e3afaae84579b99d2afca71ba21c68948155,1,600000000000000,32325086,164783,5001610,1743137971,0x8cade176f88ea12936db5681c0a50cc4ad2ea63b37006c18e91e4e5a75c32ed0,NewSale
0x80fe121B69163E17bd4e9CC573652e29E48fa4ae,80774,0xbc2d6E7c81E7f35473b3594031FCC4c519fD24Ad,0,0x2d3f87f23ea237cba3d07228058171b70b44da12,1,19900000000000000000,31073691,165054,5001627,1743138005,0x313cd3becbecbf411ce2f45fa14edd45b21ee11c7098d4cacd651d3dd1727339,NewSale
0xFeB3a01d6688AA145C431c64bd667b8a3Ca7C901,80779,0xbc2d6E7c81E7f35473b3594031FCC4c519fD24Ad,1,0x2d3f87f23ea237cba3d07228058171b70b44da12,1,249000000000000,31290959,135778,5001634,1743138019,0x1f981018cc262332224cc54e89b9ee700860b380bfc114c11568876a45bfa155,NewSale
0xeF0Ef28b882d166B732d00A01Ea762B9CCd3FE44,80622,0xbc2d6E7c81E7f35473b3594031FCC4c519fD24Ad,1,0x21e3bed229c51d36b8722aa33973d13f144fdadc,1,239000000000000,31581142,152878,5001671,1743138093,0x75dc3bc1cd8d8a85f8bfa5021012d0d9c32639fc7002e5c36b249bce16e65794,NewSale
0x809B6f345fDd1Af0Dc3D1c810cF4F6c3D0CfF3d5,80782,0xbc2d6E7c81E7f35473b3594031FCC4c519fD24Ad,1,0xbad142c1342529ccaa3794547766637f65f452a4,1,249000000000000,30399427,152878,5001682,1743138115,0x3f87c1fcc8f15ed85799a84f42600ca2b2aa64b3e23f6081462bbf35199a635c,NewSale
0x0B49e096e8701ab2e33B52E45a9673d0080FE288,80784,0xbc2d6E7c81E7f35473b3594031FCC4c519fD24Ad,0,0x2d3f87f23ea237cba3d07228058171b70b44da12,1,230000000000000,30036610,140578,5001694,1743138139,0xd4b8b53299a7eaae8bc8b2f29b5b676502777ff0e2432138438ab22f1a74a556,NewSale
0x463F1dd7BD337516f5Ec23C84c135c1F9AB7B9f9,80785,0xbc2d6E7c81E7f35473b3594031FCC4c519fD24Ad,1,0x2d3f87f23ea237cba3d07228058171b70b44da12,1,249000000000000,29468700,135778,5001714,1743138179,0xf24e14a808cb6f97760da61860b71ab78e31d1025cf2a99feb57979736fb2c8a,NewSale
0xf3fc7730BF75975A916428d69DD20FBe35A20fc9,80584,0xbc2d6E7c81E7f35473b3594031FCC4c519fD24Ad,0,0xb2449b7793538672246ce4341e91999ce28e50ff,1,259999999900000,31000000,135790,5001744,1743138239,0xa2f4108f8ede3a78808899e56e3d948fbc8928bb88e568283a134e40cb87dcad,NewSale
0x57d1B3eF44E2A3533865a7042448f2d897181C98,79254,0xdc0F91C5a4D200FfC21658901c77c0fE1A14d199,0,0xafb006c06c82898c4445557586b28a67b43c45cf,1,650000000000000,30136435,150183,5001802,1743138355,0x33a4e6897436d7c6069a969c5db34196f2fb0586eeb2f4e4e13a35dcd28b9584,NewSale
0x0B49e096e8701ab2e33B52E45a9673d0080FE288,80786,0xbc2d6E7c81E7f35473b3594031FCC4c519fD24Ad,0,0x9c20ed8ecda9ee63b80b89af7d5ac9fd8644985f,1,230000000000000,30120000,135778,5001808,1743138367,0x9f0c399176b6889fe1be99f5a0132d09b5febe0c723516519f69747a01bac7f5,NewSale
0x0B49e096e8701ab2e33B52E45a9673d0080FE288,80788,0xbc2d6E7c81E7f35473b3594031FCC4c519fD24Ad,1,0x0f366e7b0d6afc7981cb8275d933d49832a0efa0,1,230000000000000,30030000,157678,5001813,1743138377,0xe2fb4bee1c2f6e848997d19589fb214b8cf1f8effb661bec78ce9c3009d2badb,NewSale
0xBAD142C1342529CcAA3794547766637F65f452A4,80787,0xbc2d6E7c81E7f35473b3594031FCC4c519fD24Ad,1,0x2d3f87f23ea237cba3d07228058171b70b44da12,1,245000000000000,29178469,135778,5001814,1743138379,0xdce3236bd52a2d7df1de1089dae549b6bbb29b0ab3ea2655baa1fad9966635d0,NewSale
0x230bFf75310590b1Ac4B5Fd4fb34A7cee8282Ea9,80759,0x6aD26D68bFf8cAD6bAaeA257832854e58B08150E,3,0x4bf3b0060cc3f16d6542dec2bcf7a061454a1b45,1,600000000000000,30030000,164783,5001816,1743138383,0x8766fcda5a0ff4801a965515a72cff788add21da96710778ebf4ba30516843de,NewSale
0x3Dcf6aD10bdDB6439d46eb99717e3D43272317Eb,80776,0xbc2d6E7c81E7f35473b3594031FCC4c519fD24Ad,1,0x2955e3afaae84579b99d2afca71ba21c68948155,1,249000000000000,30137983,152878,5001818,1743138387,0x6496ce26ebfbf7b332e02e060dc2ba882328adcbd7a9f4a4b30bef55a0b159a0,NewSale
0xC0DEc165A5d6e6766Fbc35c977f89535899D0411,77663,0xbc2d6E7c81E7f35473b3594031FCC4c519fD24Ad,0,0x9c20ed8ecda9ee63b80b89af7d5ac9fd8644985f,1,249999950000000,30130000,142201,5001823,1743138397,0x05652984495e9361908eaa671f9b590f4e154fc1fd8ebfea5c118a8675cbf9c8,NewSale
0x2065b7a05102C48A44CB985a1E1f466ac9cEE08C,80103,0xbc2d6E7c81E7f35473b3594031FCC4c519fD24Ad,0,0x9c20ed8ecda9ee63b80b89af7d5ac9fd8644985f,1,260000000000000,33680000,140578,5001849,1743138449,0x88d0b29722ab3d0c51de6ed751f4cf307e81e0c591f24e91d333ef72b75328d8,NewSale
0xE4f4BaEd82d30f2244fE1722aeda37dEF4B38Ddc,79312,0xdc0F91C5a4D200FfC21658901c77c0fE1A14d199,0,0x1c7328b581be5bbe23c961bb232c23b11a890c79,1,653000000000000,30641294,167283,5001850,1743138451,0xc29b59e27b30970ff522b09f157778afeec9bc7f0f8c536a139b2169ba2f79ff,NewSale
0xC0DEc165A5d6e6766Fbc35c977f89535899D0411,77663,0xbc2d6E7c81E7f35473b3594031FCC4c519fD24Ad,0,0xd35f5653dd4f3c2e81573751e09b1170bbab8214,1,249999950000000,29687142,142201,5001854,1743138459,0x44e05841045b330ac86c04a221235bc2f9bd9a4b64b9dbc75574da9a846c5afd,NewSale
0xFf7969D86A01bbf8Ac751215A7FDdCEC62c83963,80778,0xbc2d6E7c81E7f35473b3594031FCC4c519fD24Ad,1,0x7ab3165a889beb23900035ff2d7943b8f810c3be,1,25000000000000000000,29630076,175743,5001856,1743138463,0x65cc45468775ded56505476a9512e183039a2af353fc3df19ef82939f7d018c9,NewSale
0xC0DEc165A5d6e6766Fbc35c977f89535899D0411,77661,0xbc2d6E7c81E7f35473b3594031FCC4c519fD24Ad,0,0xb2449b7793538672246ce4341e91999ce28e50ff,1,249999970000000,31000000,142201,5001865,1743138481,0xda719303819a18d782a0ef4ee59c462f5800ded01b5a48d503fa9f75bb23b0e1,NewSale
0xC0DEc165A5d6e6766Fbc35c977f89535899D0411,77663,0xbc2d6E7c81E7f35473b3594031FCC4c519fD24Ad,0,0x9c20ed8ecda9ee63b80b89af7d5ac9fd8644985f,1,249999950000000,34230000,142201,5001867,1743138485,0xe7de8f086534d1e9c7054a89c2ee9fb93c2105ec24a6d4b9bedbffb1278e4093,NewSale
0x165674c02e5102DBCE6a6e7Bf186fa244BF5CFbF,79302,0xbc2d6E7c81E7f35473b3594031FCC4c519fD24Ad,1,0x6101656200a3f4521601787223466a78bc7f2bc8,1,249900000000000,29238982,152866,5001872,1743138495,0x0e9642062b050a64adfbed4183fcd04b7ff5c742c8de212658c03a25c8e59160,NewSale
0xC0DEc165A5d6e6766Fbc35c977f89535899D0411,77663,0xbc2d6E7c81E7f35473b3594031FCC4c519fD24Ad,0,0xd35f5653dd4f3c2e81573751e09b1170bbab8214,1,249999950000000,29164871,142201,5001880,1743138511,0x2e43c3c430cf0bb493974c4bce798b2ed862275d5ff13788a42a541bbcf9613c,NewSale
0xC0DEc165A5d6e6766Fbc35c977f89535899D0411,77663,0xbc2d6E7c81E7f35473b3594031FCC4c519fD24Ad,0,0x9c20ed8ecda9ee63b80b89af7d5ac9fd8644985f,1,249999950000000,30250000,142201,5001882,1743138515,0x5805ac1b7045f987223f6ab21e4eb2c8fe1706b7e72f3b361b0ffbf66ae6e35a,NewSale
0x2efA30d93081b156bC7d8b6c06fD47DF47Ed9c48,78557,0xdc0F91C5a4D200FfC21658901c77c0fE1A14d199,0,0x962bf703902d843cb8dc4dff3160b73d84c12457,1,50000000000000000000,29100084,182130,5001885,1743138521,0xe12ab54b116c7cb97f32ed09d9dd9bff0b301eed4d08e2cce53d9fa69f690d89,NewSale
0xC0DEc165A5d6e6766Fbc35c977f89535899D0411,77661,0xbc2d6E7c81E7f35473b3594031FCC4c519fD24Ad,0,0xd35f5653dd4f3c2e81573751e09b1170bbab8214,1,249999970000000,28930491,142201,5001893,1743138537,0xdaeb801200fa91de7d62e82a57516541ada228758e8e20383acb3b4f5b9ad0bc,NewSale
0xC0DEc165A5d6e6766Fbc35c977f89535899D0411,77663,0xbc2d6E7c81E7f35473b3594031FCC4c519fD24Ad,0,0x9c20ed8ecda9ee63b80b89af7d5ac9fd8644985f,1,249999950000000,30130000,142201,5001894,1743138539,0xf06a69f26e89b0e294d396f3bf8855a728e13255673f45660b3f7c0edee151cd,NewSale
0xC0DEc165A5d6e6766Fbc35c977f89535899D0411,77661,0xbc2d6E7c81E7f35473b3594031FCC4c519fD24Ad,0,0xd35f5653dd4f3c2e81573751e09b1170bbab8214,1,249999970000000,28722965,142201,5001909,1743138569,0x255266a32773322f6d5ad399533c9928d64fef857e0c088dbd5b35b37089ab30,NewSale
0x80fe121B69163E17bd4e9CC573652e29E48fa4ae,80774,0xbc2d6E7c81E7f35473b3594031FCC4c519fD24Ad,0,0x4bf3b0060cc3f16d6542dec2bcf7a061454a1b45,1,19900000000000000000,29800000,165054,5001912,1743138575,0x2807ac8373f534fc515823d2d46c86e551e1aaaf2a2e59704e2e938dd90ce517,NewSale
0xC0DEc165A5d6e6766Fbc35c977f89535899D0411,77663,0xbc2d6E7c81E7f35473b3594031FCC4c519fD24Ad,0,0x9c20ed8ecda9ee63b80b89af7d5ac9fd8644985f,1,249999950000000,29830000,142201,5001914,1743138579,0x467727c567f57bfa61927f9fc0f102891daa18789df2f203a06703fc6f43ef3e,NewSale
0x1e892233459C4F96B9bafD13947f75EbF96410Ae,80796,0xbc2d6E7c81E7f35473b3594031FCC4c519fD24Ad,1,0xb2449b7793538672246ce4341e91999ce28e50ff,1,19000000000000000000,30000000,180555,5001922,1743138595,0xc87f142c22abd09fd3743225bffe6d5ae69dd262f0613dec57fb8140cc467884,NewSale
0xC0DEc165A5d6e6766Fbc35c977f89535899D0411,77662,0xbc2d6E7c81E7f35473b3594031FCC4c519fD24Ad,0,0xd35f5653dd4f3c2e81573751e09b1170bbab8214,1,249999960000000,28853862,142189,5001924,1743138599,0x8e6e8768bc3221418b3d94db5e4df10fb08e5177d346e42d5f9090f649feaedd,NewSale
0x7ab3165a889Beb23900035FF2d7943B8F810C3be,80804,0xbc2d6E7c81E7f35473b3594031FCC4c519fD24Ad,1,0xff7969d86a01bbf8ac751215a7fddcec62c83963,1,18000000000000000000,28791462,175743,5001927,1743138605,0x79b1392489abad28b60a15d0fb165de49170cd19cf4493b82f04ea1ea4044777,NewSale
0x80fe121B69163E17bd4e9CC573652e29E48fa4ae,80774,0xbc2d6E7c81E7f35473b3594031FCC4c519fD24Ad,0,0x4bf3b0060cc3f16d6542dec2bcf7a061454a1b45,1,19900000000000000000,29900000,165054,5001944,1743138639,0xf8f13187900d46011b49e92865267414d425e7b93828c7d4f1e5d33fa033247e,NewSale
0xC0DEc165A5d6e6766Fbc35c977f89535899D0411,77663,0xbc2d6E7c81E7f35473b3594031FCC4c519fD24Ad,0,0x9c20ed8ecda9ee63b80b89af7d5ac9fd8644985f,1,249999950000000,29910000,142201,5001947,1743138645,0xd8378e6459f1bdcd13643acaa256dfd0ec41d5a6a425d1cf430012b411cb4ab7,NewSale
0x80fe121B69163E17bd4e9CC573652e29E48fa4ae,80774,0xbc2d6E7c81E7f35473b3594031FCC4c519fD24Ad,0,0x4bf3b0060cc3f16d6542dec2bcf7a061454a1b45,1,19900000000000000000,30200000,165054,5001980,1743138711,0x0d0c8e31525b4f133c70af2e4c05497505f900e047b918772c0d41816dd489fb,NewSale
0x1e892233459C4F96B9bafD13947f75EbF96410Ae,80791,0xbc2d6E7c81E7f35473b3594031FCC4c519fD24Ad,1,0xb2449b7793538672246ce4341e91999ce28e50ff,1,19000000000000000000,30000000,163455,5001983,1743138717,0xadb6eb19060d916e1d9ad6118300596860184c04999fb43548ebaa53f582f1d8,NewSale
0xC0DEc165A5d6e6766Fbc35c977f89535899D0411,77663,0xbc2d6E7c81E7f35473b3594031FCC4c519fD24Ad,0,0x9c20ed8ecda9ee63b80b89af7d5ac9fd8644985f,1,249999950000000,30270000,142201,5001993,1743138737,0xec6ae6d0cadbe6e88a3939ac0714e3e0c33d5e86b565f03cddc50382a2b0eac5,NewSale
0xC0DEc165A5d6e6766Fbc35c977f89535899D0411,77662,0xbc2d6E7c81E7f35473b3594031FCC4c519fD24Ad,0,0x6101656200a3f4521601787223466a78bc7f2bc8,1,249999960000000,29347862,159277,5001996,1743138743,0xdfabac1ec318898f182df486a89e4c7f8d402a7014c779ba7d02d2e698eefbd0,NewSale
0xF06be41Ca39ea5328afBB1b73A9a9A0Fd0EE0CE9,80817,0xbc2d6E7c81E7f35473b3594031FCC4c519fD24Ad,1,0x6101656200a3f4521601787223466a78bc7f2bc8,1,200000000000000,29302947,140566,5002012,1743138775,0x56f665ff12e4d0ceac467ad921ec0808281d25eec86f7530ef9ab94b934e74df,NewSale
0xd35f5653DD4F3c2e81573751e09b1170BBab8214,80814,0xbc2d6E7c81E7f35473b3594031FCC4c519fD24Ad,0,0x9c20ed8ecda9ee63b80b89af7d5ac9fd8644985f,1,240000000000000,30270000,140566,5002024,1743138799,0x804f881fc358eaa5bfcbfa0322469692a5b28c3fd2e469ce73fca1c53290fad8,NewSale
0x80fe121B69163E17bd4e9CC573652e29E48fa4ae,80774,0xbc2d6E7c81E7f35473b3594031FCC4c519fD24Ad,0,0x0f366e7b0d6afc7981cb8275d933d49832a0efa0,1,19900000000000000000,30180000,165054,5002029,1743138809,0x34061786e361d6c77435c8912ed979671f31dfd8c8f20de4cf6d7ad9274f362a,NewSale
0xFf7969D86A01bbf8Ac751215A7FDdCEC62c83963,80813,0xbc2d6E7c81E7f35473b3594031FCC4c519fD24Ad,1,0x7ab3165a889beb23900035ff2d7943b8f810c3be,1,18000000000000000000,29521534,175731,5002031,1743138813,0xbaa48d73b98081f94ae00d6259f916b26d391124bb7a9e47d68865fed5e76de9,NewSale
0x1e892233459C4F96B9bafD13947f75EbF96410Ae,80798,0xbc2d6E7c81E7f35473b3594031FCC4c519fD24Ad,1,0xb2449b7793538672246ce4341e91999ce28e50ff,1,19000000000000000000,31000000,163455,5002045,1743138841,0xc7de671bb527ad035ab555dbacf935d8e8dff9955b60e8dcb718cac7a7d98f4a,NewSale
0x8851bB3fCe3122b6c33CD92195a1FA06C2B19F07,78820,0xbc2d6E7c81E7f35473b3594031FCC4c519fD24Ad,1,0x9aba646174a127d13a707922f6a2d5667a9257c6,1,260000000000000,30250000,157678,5002047,1743138845,0xd0f557c4280f3471236557e59639d48dc7fc1dbb204542654814a66f565a6308,NewSale
0xd35f5653DD4F3c2e81573751e09b1170BBab8214,80819,0xbc2d6E7c81E7f35473b3594031FCC4c519fD24Ad,0,0x6101656200a3f4521601787223466a78bc7f2bc8,1,241000000000000,29243471,140566,5002056,1743138863,0x44564523a311e45b88968d386d9fd8c6e98500be4159e0d3f9cdac89290f8907,NewSale
0xd35f5653DD4F3c2e81573751e09b1170BBab8214,80822,0xbc2d6E7c81E7f35473b3594031FCC4c519fD24Ad,0,0x6101656200a3f4521601787223466a78bc7f2bc8,1,243000000000000,29201093,140566,5002070,1743138891,0x5019eb303b27ca7900b572036b22659f8a5b54548b5eb1b811395b5df2cabdad,NewSale
0xC0DEc165A5d6e6766Fbc35c977f89535899D0411,77663,0xbc2d6E7c81E7f35473b3594031FCC4c519fD24Ad,0,0x6101656200a3f4521601787223466a78bc7f2bc8,1,249999950000000,29025512,142189,5002096,1743138943,0x4f2125674c9c991a697384428f77354c39082c359dc18f9c054ebec976239937,NewSale
0x57d1B3eF44E2A3533865a7042448f2d897181C98,79261,0xdc0F91C5a4D200FfC21658901c77c0fE1A14d199,0,0xf0f0c3ab65b356245fa9ecc41208dbb95831167c,1,650000000000000,29967140,145383,5002110,1743138971,0x621b7b6cf7d5621c17e58245525c9153f87e02762a419ca4ab94a6351fcffe60,NewSale
0xC0DEc165A5d6e6766Fbc35c977f89535899D0411,77663,0xbc2d6E7c81E7f35473b3594031FCC4c519fD24Ad,0,0x21e3bed229c51d36b8722aa33973d13f144fdadc,1,249999950000000,30011764,159301,5002112,1743138975,0x3d51e0424082b6fa08ee2e01e1be12394565600ffc6f79cfe80d2efee7056025,NewSale
0xC0DEc165A5d6e6766Fbc35c977f89535899D0411,77663,0xbc2d6E7c81E7f35473b3594031FCC4c519fD24Ad,0,0x6101656200a3f4521601787223466a78bc7f2bc8,1,249999950000000,29031197,142189,5002113,1743138977,0x3e7a110698b09117569ab28d2da6691f7b1fd59ed8da6a2d70b9a13e76d4a492,NewSale
0x7ab3165a889Beb23900035FF2d7943B8F810C3be,80827,0xbc2d6E7c81E7f35473b3594031FCC4c519fD24Ad,1,0xff7969d86a01bbf8ac751215a7fddcec62c83963,1,18000000000000000000,29048950,175743,5002120,1743138991,0x39c9e4485c35ca318288d8fcc39d82ebbfa060af7474de67e1bb7b24824a6af6,NewSale
0xC0DEc165A5d6e6766Fbc35c977f89535899D0411,77661,0xbc2d6E7c81E7f35473b3594031FCC4c519fD24Ad,0,0xb2449b7793538672246ce4341e91999ce28e50ff,1,249999970000000,30000000,142201,5002125,1743139001,0x6ceef3781066beaf75a4fec1fa844b97347d3e2a39453f74201ae606790f732a,NewSale
0x9E6E8BEe3B9fBf9ffd5103D3e6c7a7e24b96F6Ee,80830,0xbc2d6E7c81E7f35473b3594031FCC4c519fD24Ad,0,0x6101656200a3f4521601787223466a78bc7f2bc8,1,200000000000000,29057946,140566,5002125,1743139001,0xfa105b291f2767ac330191758ca88a6381414b2f0560d3ef6d990393f51d99fc,NewSale
0x9E6E8BEe3B9fBf9ffd5103D3e6c7a7e24b96F6Ee,80833,0xbc2d6E7c81E7f35473b3594031FCC4c519fD24Ad,0,0x6101656200a3f4521601787223466a78bc7f2bc8,1,200000000000000,29065222,140566,5002137,1743139025,0xa8bb1b4f39d2625b3ddd2d4ea089ea433d816802b7f09b65e67a21ef6fb295fd,NewSale
0xC0DEc165A5d6e6766Fbc35c977f89535899D0411,77663,0xbc2d6E7c81E7f35473b3594031FCC4c519fD24Ad,0,0x21e3bed229c51d36b8722aa33973d13f144fdadc,1,249999950000000,29917511,142201,5002143,1743139037,0xa9cb7bcc7d6903b5cd2e316958aa837c324391bc3ba40e657bd0ab9cc1bde211,NewSale
0xC0DEc165A5d6e6766Fbc35c977f89535899D0411,74893,0xbc2d6E7c81E7f35473b3594031FCC4c519fD24Ad,0,0x9aba646174a127d13a707922f6a2d5667a9257c6,1,249999990000000,29840000,142201,5002145,1743139041,0xba0cbad3327a98b0a84c95683f7af0fe10dffb0938d32e68ef47a9a3f0168336,NewSale
0x9E6E8BEe3B9fBf9ffd5103D3e6c7a7e24b96F6Ee,80835,0xbc2d6E7c81E7f35473b3594031FCC4c519fD24Ad,0,0x6101656200a3f4521601787223466a78bc7f2bc8,1,200000000000000,28714198,140566,5002156,1743139063,0xdf0650a134a74c7a65ac60b921a6c099dfe45446b02c12fe561ace3c06d428d6,NewSale
0x2065b7a05102C48A44CB985a1E1f466ac9cEE08C,80114,0xbc2d6E7c81E7f35473b3594031FCC4c519fD24Ad,0,0x9aba646174a127d13a707922f6a2d5667a9257c6,1,260000000000000,29550000,140578,5002194,1743139139,0x9193a6ce3f717e430f1b4e55a9631fe3226a853d146eadc9a7d004d98e09eadb,NewSale
0x9E6E8BEe3B9fBf9ffd5103D3e6c7a7e24b96F6Ee,80836,0xbc2d6E7c81E7f35473b3594031FCC4c519fD24Ad,0,0xb2449b7793538672246ce4341e91999ce28e50ff,1,200000000000000,30000000,140578,5002229,1743139209,0x44caba4c15acf171f820cdedad7cac83c136f10ef7c538fae024b93e7c0b9db2,NewSale
0xC0DEc165A5d6e6766Fbc35c977f89535899D0411,77663,0xbc2d6E7c81E7f35473b3594031FCC4c519fD24Ad,0,0x08e8908cfdf5a770f376db6c63ea4838bbe9b044,1,249999950000000,28678994,142201,5002240,1743139231,0x0ed5e09999b7eabc7cb8af5cdd8f8406023357ede4ec09d506660b68608356bf,NewSale
0xC0DEc165A5d6e6766Fbc35c977f89535899D0411,74893,0xbc2d6E7c81E7f35473b3594031FCC4c519fD24Ad,0,0x9aba646174a127d13a707922f6a2d5667a9257c6,1,249999990000000,29460000,142201,5002254,1743139259,0x91ff42d2dfdcbae7590e1ad993d4fbd92042969691f2fac0ea51730cca1c52ee,NewSale
0x1e892233459C4F96B9bafD13947f75EbF96410Ae,80793,0xbc2d6E7c81E7f35473b3594031FCC4c519fD24Ad,1,0x9622b0eebb2ac57ce86fd2513463561c43fd86a8,1,19000000000000000000,29388692,163455,5002262,1743139275,0xa412611b029e3587aef8d1e656427c96ef9db1368f05798edddd64d3cbda144c,NewSale
0x9E6E8BEe3B9fBf9ffd5103D3e6c7a7e24b96F6Ee,80839,0xbc2d6E7c81E7f35473b3594031FCC4c519fD24Ad,0,0x80fe121b69163e17bd4e9cc573652e29e48fa4ae,1,200000000000000,29235038,140578,5002277,1743139305,0x0781fb84612e8eb855653988e9d4ce27d34f4a0f1d3ec64a42314712e32cd1b3,NewSale
0x9E6E8BEe3B9fBf9ffd5103D3e6c7a7e24b96F6Ee,80840,0xbc2d6E7c81E7f35473b3594031FCC4c519fD24Ad,0,0x80fe121b69163e17bd4e9cc573652e29e48fa4ae,1,200000000000000,29242417,135778,5002285,1743139321,0x99123373d9463ba3f1759dedbf187cd1e14c478433d1f4cc126791cdcedcccb7,NewSale
0x1e892233459C4F96B9bafD13947f75EbF96410Ae,80801,0xbc2d6E7c81E7f35473b3594031FCC4c519fD24Ad,1,0x9622b0eebb2ac57ce86fd2513463561c43fd86a8,1,19000000000000000000,29280041,163455,5002294,1743139339,0x200f8f4277ee8bc15b78f07dd9148258961de00df1bbce57377aac1842972727,NewSale
0xC0DEc165A5d6e6766Fbc35c977f89535899D0411,77662,0xbc2d6E7c81E7f35473b3594031FCC4c519fD24Ad,0,0x9aba646174a127d13a707922f6a2d5667a9257c6,1,249999960000000,29260000,142189,5002295,1743139341,0xde430b2c5287fa89c507589acec6be7dd59416d5934bcc6022cf232f649179e3,NewSale
0xF06be41Ca39ea5328afBB1b73A9a9A0Fd0EE0CE9,80843,0xbc2d6E7c81E7f35473b3594031FCC4c519fD24Ad,0,0x80fe121b69163e17bd4e9cc573652e29e48fa4ae,1,200000000000000,29353544,140578,5002296,1743139343,0xdb67966583fde55011da62bc00d4fb70daec2d879190eb7cfb95768a6c9c1c16,NewSale
0x9622B0eebb2Ac57CE86fD2513463561c43fd86a8,80838,0xbc2d6E7c81E7f35473b3594031FCC4c519fD24Ad,0,0x0f366e7b0d6afc7981cb8275d933d49832a0efa0,1,17000000000000000000,29250000,163443,5002319,1743139389,0xbd746d414a00b1faee04cc10b9591a83edcec4d3f24736d86e8abc994c46fff1,NewSale
0xC0DEc165A5d6e6766Fbc35c977f89535899D0411,77663,0xbc2d6E7c81E7f35473b3594031FCC4c519fD24Ad,0,0xb2449b7793538672246ce4341e91999ce28e50ff,1,249999950000000,30000000,142201,5002366,1743139483,0xc5797ae364f7098887c2fcaefde499a6b7282b87d4d6847f71567d3cbbe6e576,NewSale
0xC0DEc165A5d6e6766Fbc35c977f89535899D0411,77663,0xbc2d6E7c81E7f35473b3594031FCC4c519fD24Ad,0,0x9aba646174a127d13a707922f6a2d5667a9257c6,1,249999950000000,29080000,142201,5002387,1743139525,0x550af122f78ad75a834213a6621cd3ae99cbc6eac75528e249f78cb616920c0d,NewSale
0x4a8b21A98Bcc62e55165385428EB46db402D3b16,78742,0xbc2d6E7c81E7f35473b3594031FCC4c519fD24Ad,1,0x0f366e7b0d6afc7981cb8275d933d49832a0efa0,1,250000000000000,28880000,135778,5002412,1743139575,0x651aa03a83eea5ebf8e835b3faf9b0b0a2ef708af7b676eb48dc8194cf9f85a3,NewSale
0xbfBcA9b9229e9050cFc7a88ef87177d7DEb0802B,79039,0xbc2d6E7c81E7f35473b3594031FCC4c519fD24Ad,0,0x9aba646174a127d13a707922f6a2d5667a9257c6,1,250000000000000,28750000,135778,5002450,1743139651,0xc94148605e726fbf6e642102006a57a47a0dd7d92885377cf175063075838351,NewSale
0x76bF269a56367542EF72A727bF583DC6d601eD91,78372,0xbc2d6E7c81E7f35473b3594031FCC4c519fD24Ad,1,0x0f366e7b0d6afc7981cb8275d933d49832a0efa0,1,250000000000000,29030000,135778,5002505,1743139761,0x864eb9c1c133594696ba70ba0dd73c2a76e81e73b68f063247bc696828784c5e,NewSale
0xC0DEc165A5d6e6766Fbc35c977f89535899D0411,77662,0xbc2d6E7c81E7f35473b3594031FCC4c519fD24Ad,0,0x9aba646174a127d13a707922f6a2d5667a9257c6,1,249999960000000,29070000,142189,5002531,1743139813,0x2b27d692cace63459cfd46c5e605da80f5cb01e3fe8d6e2b154937f87f7bf4a6,NewSale
0xC0DEc165A5d6e6766Fbc35c977f89535899D0411,70984,0xbc2d6E7c81E7f35473b3594031FCC4c519fD24Ad,0,0x434385dfd3316df8cf731b805b9a8da92e2a1971,1,289990000000000,29230000,142201,5002536,1743139823,0xfee35568f97cb88110e9961b8768c97de048efec38758f63e883fc54446ff15c,NewSale
0x2e7699a42488E20FF5DF09f60c65D3808A69E0d8,76270,0xdc0F91C5a4D200FfC21658901c77c0fE1A14d199,0,0xc682f0596209c2b06e52c473c1fd45ed68018eb2,1,670000000000000,28247528,150183,5002543,1743139837,0x11addead16b453c57afbcd8474cafd2ddf5219bf172df128bf0035a931057d70,NewSale
0xC0DEc165A5d6e6766Fbc35c977f89535899D0411,70984,0xbc2d6E7c81E7f35473b3594031FCC4c519fD24Ad,0,0x434385dfd3316df8cf731b805b9a8da92e2a1971,1,289990000000000,29120000,142201,5002559,1743139869,0xe838f22021948341b2b4527277147be315ab6a44ddd6bc2073b65b4b38d80eb9,NewSale
0xEc30630B495fa07e123AaEAFac9ee6FFE68288c7,80853,0xbc2d6E7c81E7f35473b3594031FCC4c519fD24Ad,0,0xb91d50baf738d4af8e8f9a284fc195c39fab4aac,1,200000000000000,28407169,135778,5002559,1743139869,0x11b82466adcb735f661b4a8a2acbdf8cafed5d7b338be92bb957f5d0cb6473bf,NewSale
0xC0DEc165A5d6e6766Fbc35c977f89535899D0411,70984,0xbc2d6E7c81E7f35473b3594031FCC4c519fD24Ad,0,0x434385dfd3316df8cf731b805b9a8da92e2a1971,1,289990000000000,29640000,142201,5002594,1743139939,0xe12bc5c885ac4d0255ce18b4fd8681dd9cdf6f1147bb1fc82a73dbb8857f043f,NewSale
0x88b7e194641260b63C9e2CA4AdAf48982Af48C83,79358,0xbc2d6E7c81E7f35473b3594031FCC4c519fD24Ad,1,0x0f366e7b0d6afc7981cb8275d933d49832a0efa0,1,290000000000000,29300000,140590,5002648,1743140047,0xac49eb8452ece6330cc81ad87f61386589d1d813f99bc463cebee73a1f471b1e,NewSale
0xC0DEc165A5d6e6766Fbc35c977f89535899D0411,77663,0xbc2d6E7c81E7f35473b3594031FCC4c519fD24Ad,0,0xa334a23560c8aa3506116b5da265752bb0f8f7e8,1,249999950000000,28782718,159301,5002674,1743140099,0xf8f1580519c3afa1cf7044730bb7dd867adc4ed294c2d610713f5fb9c685acf3,NewSale
0x9622B0eebb2Ac57CE86fD2513463561c43fd86a8,80837,0xbc2d6E7c81E7f35473b3594031FCC4c519fD24Ad,0,0xfae23a9f1fe702dd9ff0d95f58dc1d3dbdcdcb52,1,17000000000000000000,29670000,163443,5002675,1743140101,0x3754b854760375c07d88c3c5da2b1cb96a9d1f64167e203bc6bb8edbecdb132c,NewSale
0xC0DEc165A5d6e6766Fbc35c977f89535899D0411,77662,0xbc2d6E7c81E7f35473b3594031FCC4c519fD24Ad,0,0xa334a23560c8aa3506116b5da265752bb0f8f7e8,1,249999960000000,28818652,142189,5002692,1743140135,0xb490ccdc9f0996b799d0f8010364660e1dc521ac9997860f11b6c6d4e70c023e,NewSale
0xC0DEc165A5d6e6766Fbc35c977f89535899D0411,77661,0xbc2d6E7c81E7f35473b3594031FCC4c519fD24Ad,0,0xf81fd1fa9702a915da1a14161cb1341390503df4,1,249999970000000,29935871,159301,5002737,1743140225,0xd24cfeb71ebbbce15d0db5da5a32374a6af397ddca6a586b0360d9190c931b6a,NewSale
0xC0DEc165A5d6e6766Fbc35c977f89535899D0411,77661,0xbc2d6E7c81E7f35473b3594031FCC4c519fD24Ad,0,0xf81fd1fa9702a915da1a14161cb1341390503df4,1,249999970000000,30404432,142201,5002757,1743140265,0x4aa82184f93254105c50930fb2970162301de09ee0f483d79a260bce56d1acc6,NewSale
0x9E6E8BEe3B9fBf9ffd5103D3e6c7a7e24b96F6Ee,80844,0x897d1cBBeDC44c8371672e8cA72555b5194D6D86,0,0xd448777940dfabf65fd259fa8a9903e60e1ff178,1,500000000000000,30310000,145399,5002773,1743140297,0x704dc64ef04d0022e04e19ba350703f0f9f10d4cf7f3203dc8518d4e75200589,NewSale
0xC0DEc165A5d6e6766Fbc35c977f89535899D0411,77662,0xbc2d6E7c81E7f35473b3594031FCC4c519fD24Ad,0,0xf81fd1fa9702a915da1a14161cb1341390503df4,1,249999960000000,30557210,142189,5002778,1743140307,0x890f44bd14e8fb5b593578b1ca697ee18a31b376abaaf68520ab7fd22f7e8bbf,NewSale
0xC0DEc165A5d6e6766Fbc35c977f89535899D0411,77659,0xbc2d6E7c81E7f35473b3594031FCC4c519fD24Ad,0,0xf81fd1fa9702a915da1a14161cb1341390503df4,1,249999980000000,30592452,142177,5002800,1743140351,0x31025e37d24141f63134687cc543e0ca18b1951496c799f0025ba3b5d8f44dab,NewSale
0xE4f4BaEd82d30f2244fE1722aeda37dEF4B38Ddc,79508,0xdc0F91C5a4D200FfC21658901c77c0fE1A14d199,0,0x4f1dd15b23c0a5c3f5a66b96cf434c68777a0993,1,650000000000000,29548906,150183,5002813,1743140377,0xcb07733cf1838f90bdcd03cf3095fb2ab263f1175d047554da7be500a22eabc0,NewSale
0xC0DEc165A5d6e6766Fbc35c977f89535899D0411,77662,0xbc2d6E7c81E7f35473b3594031FCC4c519fD24Ad,0,0xdff6b5501a623b855b49911ac92b601083d684cc,1,249999960000000,30338157,142189,5002918,1743140587,0x34ec1fbf16fce7acf392409c5feea366b12727eaf287a7fa0e2b5d28f4993a15,NewSale
0xA334A23560c8aA3506116b5DA265752bB0f8f7e8,80859,0xbc2d6E7c81E7f35473b3594031FCC4c519fD24Ad,0,0xf03edca9fbbedf48c86e391c9fbbb099f26a3afa,1,237000000000000,30336846,140578,5002919,1743140589,0x5f59ae5dbd37dc535accc182a2e69c9767700b5bb86030c2791d578ac3089aa0,NewSale
0xC0DEc165A5d6e6766Fbc35c977f89535899D0411,77662,0xbc2d6E7c81E7f35473b3594031FCC4c519fD24Ad,0,0xdff6b5501a623b855b49911ac92b601083d684cc,1,249999960000000,30425175,142189,5002940,1743140631,0x8104a1b24883ab7167f413304870d1cc138e509411d41b4431d467fff3e756a4,NewSale
0xA334A23560c8aA3506116b5DA265752bB0f8f7e8,80858,0xbc2d6E7c81E7f35473b3594031FCC4c519fD24Ad,0,0x157d98fe3ba7d72e08847593cf9a492ee58fd4fc,1,235000000000000,30388451,152878,5002972,1743140695,0x8dc6ed7a29931259344fa0c01998d367f51c77128924cb808565c85917dd9654,NewSale
0x5be1e4233016d8CF8478ce1864D277fEa1199eB1,80866,0xbc2d6E7c81E7f35473b3594031FCC4c519fD24Ad,1,0x64f7c019021ac74a68d90d08491ca43b2a632e71,1,152000000000000,30602266,172031,5002998,1743140747,0x7e8e544ce9350123795bbbdc87bfe1e57eff2bbcb1d9545243c071de4eeaa6d9,NewSale
0xC0DEc165A5d6e6766Fbc35c977f89535899D0411,77663,0xbc2d6E7c81E7f35473b3594031FCC4c519fD24Ad,0,0x08e8908cfdf5a770f376db6c63ea4838bbe9b044,1,249999950000000,31043927,142201,5003037,1743140825,0xce35d309faa695c2866dad07b1807d40fe5799b47f6094fab1766874254621f9,NewSale
0x0d3B55C5E9A6Ebd86D4004d9437Dae088F2Ad4cB,79515,0xEB255E4669Da7FeEf1F746a5a778b4e08b65a1A7,0,0xd448777940dfabf65fd259fa8a9903e60e1ff178,1,1430000,31950000,215968,5003038,1743140827,0x03077a39f10e46127a6e6564d3519ab4b444f1c76272ba93c88cc4e17da9905c,NewSale
0xC0DEc165A5d6e6766Fbc35c977f89535899D0411,77661,0xbc2d6E7c81E7f35473b3594031FCC4c519fD24Ad,0,0xdff6b5501a623b855b49911ac92b601083d684cc,1,249999970000000,31183850,142201,5003054,1743140859,0x7a017a120b50b09bd49752faf97a59dd82cc87dc916386f92d6535ccef0c18a6,NewSale
0xE64C3D96fCf0cfec117F121c021b2506D076FD21,80869,0xbc2d6E7c81E7f35473b3594031FCC4c519fD24Ad,1,0x64f7c019021ac74a68d90d08491ca43b2a632e71,1,210000000000000,31191773,172031,5003056,1743140863,0x28fa56783d70bc72b037e60c3afcc4f8d07136bfd666659cd009fcb8382047b4,NewSale
0xD76B4f441b6EAaB96b3AFCbe37b01b80aB66D818,80482,0x897d1cBBeDC44c8371672e8cA72555b5194D6D86,0,0xbdec88012b9a03496645078aa5b2e1f7676ba0a5,1,500000000000000,30910156,162499,5003073,1743140897,0x3327a063a2192f6e3693571234e683c9670180034e515a64ef4ad5afb66692ed,NewSale
0xaC9C7b6Cd8b7d9Da658132cdc14E424329a06984,79105,0xbc2d6E7c81E7f35473b3594031FCC4c519fD24Ad,1,0xb3af8fbc63abaea31e0a4ddb268e15a9ab6dc67f,1,250000000000000,31870000,157678,5003081,1743140913,0xb6be34258cd26795f1f61ab4e8a291a5b7b81a8891162c985aea0b4cd2e3c25e,NewSale
0xC0DEc165A5d6e6766Fbc35c977f89535899D0411,74777,0xbc2d6E7c81E7f35473b3594031FCC4c519fD24Ad,0,0xdff6b5501a623b855b49911ac92b601083d684cc,1,259999990000000,30915271,142201,5003084,1743140919,0x8d801fc72c6f465fd9e210d8459450534f258ad1248c485cb24b95847b82c1ca,NewSale
0xf81fD1FA9702A915DA1a14161Cb1341390503df4,80865,0xbc2d6E7c81E7f35473b3594031FCC4c519fD24Ad,0,0xb3af8fbc63abaea31e0a4ddb268e15a9ab6dc67f,1,220000000000000,31790000,140578,5003095,1743140941,0x81ce5f8cd50c30486d763e87abbbc8c2dec71805bf1e6041e4f11db27d4b26a1,NewSale
0x30e385A63834a49d8C27f9a47F57297406336441,79163,0xdc0F91C5a4D200FfC21658901c77c0fE1A14d199,0,0xd448777940dfabf65fd259fa8a9903e60e1ff178,1,655000000000000,31790000,150183,5003096,1743140943,0x21af2b863630d05ceedee8b35547e5740053ef82ad0b7685d68cf11c2bc9d364,NewSale
0xF03eDca9fbBEdF48C86E391C9fbBB099f26A3Afa,80871,0xbc2d6E7c81E7f35473b3594031FCC4c519fD24Ad,0,0xb3af8fbc63abaea31e0a4ddb268e15a9ab6dc67f,1,240000000000000,31510000,140566,5003109,1743140969,0x61098d8ceda3fbe5d1f79294dd60aa9493b63a170df12e3338d308341a8d74a2,NewSale
0xC0DEc165A5d6e6766Fbc35c977f89535899D0411,77662,0xbc2d6E7c81E7f35473b3594031FCC4c519fD24Ad,0,0xdff6b5501a623b855b49911ac92b601083d684cc,1,249999960000000,30645127,142189,5003119,1743140989,0xf5e43bfd751812df504f7bc3022363b713d521fe48f4e839f7e93b2d856d556f,NewSale
0xE9F1573DEE7f5dA6A135813D650BD5615F5CAd62,80876,0xbc2d6E7c81E7f35473b3594031FCC4c519fD24Ad,1,0x64f7c019021ac74a68d90d08491ca43b2a632e71,1,220000000000000,30680949,172031,5003121,1743140993,0xd306ce5cb519b23ffb96dc0479eff45afd3194b42961339a7fc2d3611dcabbe5,NewSale
0xC0DEc165A5d6e6766Fbc35c977f89535899D0411,77659,0xbc2d6E7c81E7f35473b3594031FCC4c519fD24Ad,0,0xb3af8fbc63abaea31e0a4ddb268e15a9ab6dc67f,1,249999980000000,31510000,142177,5003122,1743140995,0x32e1c9e697232e4bd37e646491be780eaabc9f3fbfe79a5d7d40cb59a45bdeac,NewSale
0xC0DEc165A5d6e6766Fbc35c977f89535899D0411,74893,0xbc2d6E7c81E7f35473b3594031FCC4c519fD24Ad,0,0xdff6b5501a623b855b49911ac92b601083d684cc,1,249999990000000,30532755,142201,5003137,1743141025,0xf14f17390428f1b83418bf1917a58d47704a5dcc075762aebbaa2550d3c38a35,NewSale
0x2065b7a05102C48A44CB985a1E1f466ac9cEE08C,80127,0xbc2d6E7c81E7f35473b3594031FCC4c519fD24Ad,0,0xb3af8fbc63abaea31e0a4ddb268e15a9ab6dc67f,1,260000000000000,31350000,140578,5003155,1743141061,0x24932535e1a2cf3bfa1ea9ac34af76f35767b4bad8544206fb69f799f53ebf40,NewSale
0x122DCcEE39051E6C3BB4AfD93d9B3d9a08BeAa65,68398,0xdc0F91C5a4D200FfC21658901c77c0fE1A14d199,0,0xd448777940dfabf65fd259fa8a9903e60e1ff178,1,750000000000000,31340000,145383,5003178,1743141107,0x785caf52e9a8d9161dc616ac117b7d112cbc7f5cd46e54add44beaedfb663a5a,NewSale
0xf81fD1FA9702A915DA1a14161Cb1341390503df4,80877,0xbc2d6E7c81E7f35473b3594031FCC4c519fD24Ad,0,0xdff6b5501a623b855b49911ac92b601083d684cc,1,210000000000000,30696646,140578,5003201,1743141153,0x187ad7607a0b1927182b26d1ec093db15092d933eedf767e3496d2f599cf4a4b,NewSale
0xeF0Ef28b882d166B732d00A01Ea762B9CCd3FE44,80867,0xbc2d6E7c81E7f35473b3594031FCC4c519fD24Ad,1,0xb3af8fbc63abaea31e0a4ddb268e15a9ab6dc67f,1,249000000000000,31750000,142189,5003203,1743141157,0x1e74bdc47a140b9f813f8b901b6b27967a5e8bd489c184b01db95421261cc0e0,NewSale
0x6C1b9ed5E8BF969C644Ef657965f06b4f948E621,80878,0xbc2d6E7c81E7f35473b3594031FCC4c519fD24Ad,1,0xb3af8fbc63abaea31e0a4ddb268e15a9ab6dc67f,1,249000000000000,31710000,135778,5003218,1743141187,0xdccc2f3ef16ea40349097fd85891f6e291d8dcd3c27f1855c6a9a8fe782402f3,NewSale
0xC0DEc165A5d6e6766Fbc35c977f89535899D0411,77662,0xbc2d6E7c81E7f35473b3594031FCC4c519fD24Ad,0,0x43b94132d4384bceb7f4f8573f577ee108b8d8a0,1,249999960000000,31720000,142189,5003229,1743141209,0x07606e80da27eed1180548a8162d4392b8ecec324762d92c5978e7fa2db15680,NewSale
0xC0DEc165A5d6e6766Fbc35c977f89535899D0411,77663,0xbc2d6E7c81E7f35473b3594031FCC4c519fD24Ad,0,0x5b36413f1670668223f5aed8f588e72c5a83aadd,1,249999950000000,31720000,142201,5003230,1743141211,0xbf46e8cd01adc46c0a3c9fabfc62791bae2a20c81de610fc5dc9b99a0a973f53,NewSale
0xC0DEc165A5d6e6766Fbc35c977f89535899D0411,77661,0xbc2d6E7c81E7f35473b3594031FCC4c519fD24Ad,0,0x1c7c2ba71cbaa4f167c0a2676726e0334b573f75,1,249999970000000,31720000,142201,5003230,1743141211,0xe64801af1d79c618b271ca50bcaae76457f210568fb8aa29bffa5f393c17eb40,NewSale
0xC0DEc165A5d6e6766Fbc35c977f89535899D0411,77662,0xbc2d6E7c81E7f35473b3594031FCC4c519fD24Ad,0,0xb3af8fbc63abaea31e0a4ddb268e15a9ab6dc67f,1,249999960000000,31700000,142189,5003230,1743141211,0x92f5b8fa38dac689f058e335b162c20eaa7218b00ac333246d0bf8210ff21a97,NewSale
0xeF0Ef28b882d166B732d00A01Ea762B9CCd3FE44,80867,0xbc2d6E7c81E7f35473b3594031FCC4c519fD24Ad,1,0xf45519712586881a339b447011bfde260e9cc874,1,249000000000000,31720000,159289,5003231,1743141213,0x956d0ad60c4aab9919a2fa251670c81f11f8ee94ee3d54dacd4c247859d6b04c,NewSale
0x80cD87B3C0191841F98e4a60A94c223BA9cf4A96,80887,0xbc2d6E7c81E7f35473b3594031FCC4c519fD24Ad,1,0x64f7c019021ac74a68d90d08491ca43b2a632e71,1,152000000000000,30936818,172031,5003234,1743141219,0xb6a3c6451b29c16d072bc44e9feabfb4cd9b4ce21d0b3e46451a30061d8a2370,NewSale
0xeF0Ef28b882d166B732d00A01Ea762B9CCd3FE44,80867,0xbc2d6E7c81E7f35473b3594031FCC4c519fD24Ad,1,0x3eb8bf4c5eb3a79ba7a38765b7a3bc431ab58efa,1,249000000000000,31840000,159289,5003242,1743141235,0xf9c076bba64c4d7906ce6f3a80c0a6f3de51228efe58db76fe9dd8b8e3724b24,NewSale
0xfD841C3561592fd0cD2e15E9D437C29079766Edc,80883,0xbc2d6E7c81E7f35473b3594031FCC4c519fD24Ad,1,0xab4ac8b29466ee42906a32c6bcb73720e93be585,1,249000000000000,31840000,152878,5003242,1743141235,0x348509e1ee419a6fc5c1edb185931b27f9067c0c83872c6d655672ea146e21a3,NewSale
0x06973767b6855a9AEffA72725BEFf2ac2724b0cC,79197,0xbc2d6E7c81E7f35473b3594031FCC4c519fD24Ad,1,0xb3af8fbc63abaea31e0a4ddb268e15a9ab6dc67f,1,260000000000000,31840000,140578,5003242,1743141235,0x01958ddd97ab006a6b5b2a5577395826f3a750565ace5147d9c788dbc6ffa3c4,NewSale
0x30e385A63834a49d8C27f9a47F57297406336441,79166,0xdc0F91C5a4D200FfC21658901c77c0fE1A14d199,0,0x522a3e91bf1e80dbfa669be65154e98edc768c36,1,655000000000000,32318503,150183,5003269,1743141289,0xb7a7daec60e9a56216528fa6ee756c84639170f913da8f7ee29909d2f2629c8b,NewSale
0xeF0Ef28b882d166B732d00A01Ea762B9CCd3FE44,80867,0xbc2d6E7c81E7f35473b3594031FCC4c519fD24Ad,1,0x8835ca99eb3a964301863efed8f6b97e914f3a51,1,249000000000000,31742137,159289,5003278,1743141307,0x7015bfe1414860947d390eab1fdd070f93080ec417f468f4fe3138f8e3eec3a9,NewSale
0xC0DEc165A5d6e6766Fbc35c977f89535899D0411,77661,0xbc2d6E7c81E7f35473b3594031FCC4c519fD24Ad,0,0x5b36413f1670668223f5aed8f588e72c5a83aadd,1,249999970000000,32580000,142201,5003284,1743141319,0x4b49d84121c48929a5ef850ad7a6705ba80e31a8b8650cb6399d5c749c30d183,NewSale
0xC0DEc165A5d6e6766Fbc35c977f89535899D0411,77659,0xbc2d6E7c81E7f35473b3594031FCC4c519fD24Ad,0,0x43b94132d4384bceb7f4f8573f577ee108b8d8a0,1,249999980000000,32580000,142177,5003284,1743141319,0x6002bdce9658ca48dbb139cc9a6d7e2727d663452b89236e48d9748b5e43c9b9,NewSale
0xC0DEc165A5d6e6766Fbc35c977f89535899D0411,77659,0xbc2d6E7c81E7f35473b3594031FCC4c519fD24Ad,0,0x1c7c2ba71cbaa4f167c0a2676726e0334b573f75,1,249999980000000,32580000,142177,5003285,1743141321,0x76c1912c1e1563a7ddaba13f31c16c68d7be1c28c744257e26e85b7de506d011,NewSale
0xeF0Ef28b882d166B732d00A01Ea762B9CCd3FE44,80867,0xbc2d6E7c81E7f35473b3594031FCC4c519fD24Ad,1,0x3eb8bf4c5eb3a79ba7a38765b7a3bc431ab58efa,1,249000000000000,32580000,142189,5003286,1743141323,0x875755b91ee7960344849ea5cc0e450f1ac56c26f2ab9d31723a4ab0ef35e6bf,NewSale
0xC0DEc165A5d6e6766Fbc35c977f89535899D0411,77663,0xbc2d6E7c81E7f35473b3594031FCC4c519fD24Ad,0,0xf45519712586881a339b447011bfde260e9cc874,1,249999950000000,32580000,142201,5003286,1743141323,0x1933a2440b9373496125896b294061de978375191f84b7c5608792ba2941f365,NewSale
0xC0DEc165A5d6e6766Fbc35c977f89535899D0411,77662,0xbc2d6E7c81E7f35473b3594031FCC4c519fD24Ad,0,0xab4ac8b29466ee42906a32c6bcb73720e93be585,1,249999960000000,32580000,142189,5003287,1743141325,0x1159d94d4bf3953b352b9c5263598921067c8c4f45a2bd0d206c43312bd8f855,NewSale
0xeF0Ef28b882d166B732d00A01Ea762B9CCd3FE44,80867,0xbc2d6E7c81E7f35473b3594031FCC4c519fD24Ad,1,0x8835ca99eb3a964301863efed8f6b97e914f3a51,1,249000000000000,32266510,142189,5003302,1743141355,0xa0dd4fb518f7909aeed0f1fbbf75f9c2fbc3c0a78e0bf29b58d4b0412d36b549,NewSale
0xC0DEc165A5d6e6766Fbc35c977f89535899D0411,77663,0xbc2d6E7c81E7f35473b3594031FCC4c519fD24Ad,0,0x3add5586d5abb966a08cb2889c312cf7f8d9ce01,1,249999950000000,32266510,159301,5003302,1743141355,0x6ad452629c8de9ba70fc1422e8363fd7e966f73fc2aeb1fb5dfc6f574366a7f4,NewSale
0x4B42391Baa84D0D412c2c89ba78d05304a7D679b,80533,0x02e21A25F0038fa5BDEe9c0b77aC0c1E84d3d6f0,2162,0xd448777940dfabf65fd259fa8a9903e60e1ff178,1,600000000000000,33260000,155258,5003311,1743141373,0xf4d36df3059b8dcbcd12f7c6e52907cc54099c9a21cc72ad86a84710d578d1fe,NewSale
0x5fce2E4341dcE36e06E87cB5C1823D61CB17c4C2,80894,0xbc2d6E7c81E7f35473b3594031FCC4c519fD24Ad,1,0x64f7c019021ac74a68d90d08491ca43b2a632e71,1,1220000000000000,32420561,172043,5003312,1743141375,0x2890053b1ef0a37f6f5bad2451e73ebb29141274080a59738d3da4d7bd857121,NewSale
0xeF0Ef28b882d166B732d00A01Ea762B9CCd3FE44,80867,0xbc2d6E7c81E7f35473b3594031FCC4c519fD24Ad,1,0x93144baa2de8d8f40ec48c300f203984f65643a5,1,249000000000000,32500423,159289,5003324,1743141399,0x990ec6276e707a7a6f19b36a3e3a8b45cc59e35af44413004fd5d0ac31976b29,NewSale
0xeF0Ef28b882d166B732d00A01Ea762B9CCd3FE44,80867,0xbc2d6E7c81E7f35473b3594031FCC4c519fD24Ad,1,0x3eb8bf4c5eb3a79ba7a38765b7a3bc431ab58efa,1,249000000000000,33400000,142189,5003325,1743141401,0xbec8d0a4857fda1923e6a28fcd17bbfaa31b48a5154e0616b435ae24e423d963,NewSale
0x8230748335Ff13112B38840c4eD0A0166d922c85,80888,0xbc2d6E7c81E7f35473b3594031FCC4c519fD24Ad,1,0xf45519712586881a339b447011bfde260e9cc874,1,249000000000000,33400000,135778,5003325,1743141401,0x3712e9582724de6486e89943b833de384a1155f063ef1db7a3c44115e59441f9,NewSale
0xC0DEc165A5d6e6766Fbc35c977f89535899D0411,77663,0xbc2d6E7c81E7f35473b3594031FCC4c519fD24Ad,0,0xab4ac8b29466ee42906a32c6bcb73720e93be585,1,249999950000000,33400000,142201,5003325,1743141401,0xa35ad91e0f980c397efb50d92a0b094a43d7c839ad6eb78cfc262bc337e35848,NewSale
0xC0DEc165A5d6e6766Fbc35c977f89535899D0411,77662,0xbc2d6E7c81E7f35473b3594031FCC4c519fD24Ad,0,0x3add5586d5abb966a08cb2889c312cf7f8d9ce01,1,249999960000000,32517555,142189,5003325,1743141401,0x7a00fba7cd83e2388bf6c9357f885ff20bd0b6f5194f9f75c07322f1773d37f6,NewSale
0xC0DEc165A5d6e6766Fbc35c977f89535899D0411,77662,0xbc2d6E7c81E7f35473b3594031FCC4c519fD24Ad,0,0x5b36413f1670668223f5aed8f588e72c5a83aadd,1,249999960000000,33350000,142189,5003326,1743141403,0xe860c16ce7c863a9db2bd669b1c481b4413b1601c082804ac38d16fa893c2dc0,NewSale
0xC0DEc165A5d6e6766Fbc35c977f89535899D0411,77659,0xbc2d6E7c81E7f35473b3594031FCC4c519fD24Ad,0,0x1c7c2ba71cbaa4f167c0a2676726e0334b573f75,1,249999980000000,33350000,142177,5003327,1743141405,0xafe4cd745e018999c14119ad7890afeca7ba26bab6d8e5391effa7454a142a18,NewSale
0xeF0Ef28b882d166B732d00A01Ea762B9CCd3FE44,80867,0xbc2d6E7c81E7f35473b3594031FCC4c519fD24Ad,1,0x8835ca99eb3a964301863efed8f6b97e914f3a51,1,249000000000000,32651438,142189,5003330,1743141411,0xbca4cc6f878d11538b0f70d9acf9f934fb5ae65381a84977b619f0e24cf17185,NewSale
0xeF0Ef28b882d166B732d00A01Ea762B9CCd3FE44,80867,0xbc2d6E7c81E7f35473b3594031FCC4c519fD24Ad,1,0x8835ca99eb3a964301863efed8f6b97e914f3a51,1,249000000000000,32867503,135778,5003362,1743141475,0xc47ec0306e157ecd6fb8f2bedfb4fc19020301d1cf48388ce5f152addbba1127,NewSale
0x9e5040D0aB992D43Df821bbBa8966fFC20a173c4,80900,0xbc2d6E7c81E7f35473b3594031FCC4c519fD24Ad,1,0x64f7c019021ac74a68d90d08491ca43b2a632e71,1,226200000000000,33093049,172031,5003378,1743141507,0xa4f491b9982a4f6388ca9710ba939e67978c18d916d96e2f72ce5225006e7210,NewSale
0xdff6B5501a623b855b49911ac92B601083d684cC,80897,0xbc2d6E7c81E7f35473b3594031FCC4c519fD24Ad,0,0x43b94132d4384bceb7f4f8573f577ee108b8d8a0,1,200000000000000,34020000,140578,5003405,1743141561,0x6cf1f97b24df86db1b71887cd07393ec492c793f5639db40d863ae87499f42f7,NewSale
0x9622B0eebb2Ac57CE86fD2513463561c43fd86a8,80831,0xbc2d6E7c81E7f35473b3594031FCC4c519fD24Ad,0,0xaa72f4879c9a3e7900ea1f9cb7b174d9d9bea043,1,17000000000000000000,34206654,158631,5003447,1743141645,0xded6246f68fe57b515494415557d06d13eff6c45770893a4f28b5fbe5c8a787b,NewSale
0xC7c771663fd6178D2abE6123fFB5F9E1EC82d5d4,79443,0xdc0F91C5a4D200FfC21658901c77c0fE1A14d199,0,0x632030562728f13957a1897f370be97c1471bc33,1,670000000000000,35418649,167283,5003452,1743141655,0xed4cb5f1cbed6bcb0879ddad524650935daaa9eb96f23695cb7f06d4362b873f,NewSale
0xdff6B5501a623b855b49911ac92B601083d684cC,80899,0xbc2d6E7c81E7f35473b3594031FCC4c519fD24Ad,0,0xf03edca9fbbedf48c86e391c9fbbb099f26a3afa,1,200000000000000,34562885,140578,5003455,1743141661,0x5dbe48c3807bacfe54d30390424bfabbba92a2a03261b318e1b112cf94b91f0b,NewSale
0x406bdc0cF1570d5f005ed670aCCE1d38998BB966,80909,0xbc2d6E7c81E7f35473b3594031FCC4c519fD24Ad,1,0x64f7c019021ac74a68d90d08491ca43b2a632e71,1,132100000000000,34562885,172031,5003455,1743141661,0xa553531db0a6b0b49bf8264c60a94cc7cbb377f721d2d2b06e6256e2abca0c25,NewSale
0x80fe121B69163E17bd4e9CC573652e29E48fa4ae,80886,0xbc2d6E7c81E7f35473b3594031FCC4c519fD24Ad,0,0xf122d6fa036a0222954d88639216b373ecde2e9d,1,19500000000000000000,34940000,165066,5003456,1743141663,0x55203f4716af1b4afb65f011a06ce10c8a3f80a3e991f5cc5d2b2a228ee09050,NewSale
0xbAa9672503be4067CCc6eBB08BEe52af3e0b3b4C,80861,0x2Bf46D4497e98FbA2304B0d2453922FFf559Ea02,55,0x3c3efa779d80cda5a78cedfee5272deb92782bb2,1,899900000000000,36757422,164783,5003491,1743141733,0x10f1b22c30103bf98efefdc32f45e1bdb9f93ee6e56ead10f6b8f3eb34e92b51,NewSale
0x153d1Df2B2B09DB42AEB80E05B29BC24Ba9cd832,80919,0xbc2d6E7c81E7f35473b3594031FCC4c519fD24Ad,1,0x64f7c019021ac74a68d90d08491ca43b2a632e71,1,650000000000000,36857378,172043,5003523,1743141797,0x11e8672fef0e1319338045cfcfc234c658291d13b4627a403162302808d6d4f0,NewSale
0xdff6B5501a623b855b49911ac92B601083d684cC,80906,0xbc2d6E7c81E7f35473b3594031FCC4c519fD24Ad,0,0x3af2694ca825227b743fcf7586365d96ca8f67cf,1,200000000000000,38079552,140578,5003533,1743141817,0xb34f15766e5698656c7f5ce9202effaf8b58e91613045244645627c6c682c0e8,NewSale
0x3aDd5586D5abb966a08Cb2889C312Cf7f8D9Ce01,80901,0xbc2d6E7c81E7f35473b3594031FCC4c519fD24Ad,0,0x3af2694ca825227b743fcf7586365d96ca8f67cf,1,245000000000000,38401764,140578,5003550,1743141851,0xebc03fe4bd2e7de0f172679f185bf3d41fe8dcb35f1e8bfdbb3363ab36e3a854,NewSale
0x62E588137a4251d2AE7a6336198b0C43c03E2a55,80896,0xbc2d6E7c81E7f35473b3594031FCC4c519fD24Ad,1,0xb409c9f2747cd74e40d9ebcbac0296b7edf613ed,1,249000000000000,38400000,152866,5003555,1743141861,0x00af944657bde9446748f0cbf228bedd7a2986a13d7e94f02c8d5171f9f77cf9,NewSale
0x8D30E3a58DbDc1cD4aEe2b3De97BFBbA7C19412D,80902,0xbc2d6E7c81E7f35473b3594031FCC4c519fD24Ad,1,0x3af2694ca825227b743fcf7586365d96ca8f67cf,1,249000000000000,39052994,135778,5003569,1743141889,0xec7802d57f8de627b4b110d3b127658b52cc781f87c5930d374e6c02a5ef5227,NewSale
