listing_creator,listing_id,asset_contract,token_id,buyer,quantity_bought,total_price_paid,gas_price,gas_used,block_number,timestamp,transaction_hash,event_type
0x8A6a7B1c84d071E23b9EFe5a9DCcA5985e8215fB,80960,0x02e21A25F0038fa5BDEe9c0b77aC0c1E84d3d6f0,2187,0xd16cc231ee5dbbbb2edfd71ebcc31d96fd65d226,1,500000000000000,48030000,155258,5004038,1743142827,0x7727aeee832c44f974f903ffa47f47302da7eb2cbe05026c2dee6861737bc71d,NewSale
0x30e385A63834a49d8C27f9a47F57297406336441,79893,0xdc0F91C5a4D200FfC21658901c77c0fE1A14d199,0,0x8835ca99eb3a964301863efed8f6b97e914f3a51,1,700000000000000,47562900,167283,5004039,1743142829,0xbb830e77db2371e1258cc44ce9eb0513b3efdee943bc1e040e54c88f6b298a11,NewSale
0x00Bd5363CDaa95BE2f20e93A267312254Ef3d935,80980,0xbc2d6E7c81E7f35473b3594031FCC4c519fD24Ad,0,0xa62db7185896111d0fa25c89124a41bfdfb047d9,1,200000000000000,48460000,140578,5004046,1743142843,0x14bc936990e6c8dd4b7bceff9ff2a1b0d569627b1f7b69790f62eebe11afb066,NewSale
0x00Bd5363CDaa95BE2f20e93A267312254Ef3d935,80974,0xbc2d6E7c81E7f35473b3594031FCC4c519fD24Ad,0,0xa62db7185896111d0fa25c89124a41bfdfb047d9,1,200000000000000,48520000,140578,5004089,1743142929,0x5f0641e7e7dcdf80e4cf95a562f88f2aeb2da64a833aa89fc76fb17ac0d84ab1,NewSale
0x1C7328B581Be5bBe23C961bB232C23B11A890c79,80815,0xdc0F91C5a4D200FfC21658901c77c0fE1A14d199,0,0x8aadc9cca56452f148fca74393cb4ba2ac8bebc7,1,750000000000000,48518522,145383,5004094,1743142939,0x5575736fda38977ab717f9fdcf37a9b456bd305e1d68d1bb4d32c59f05f7735e,NewSale
0x8A6a7B1c84d071E23b9EFe5a9DCcA5985e8215fB,80961,0x02e21A25F0038fa5BDEe9c0b77aC0c1E84d3d6f0,2186,0xd16cc231ee5dbbbb2edfd71ebcc31d96fd65d226,1,500000000000000,48520000,138158,5004095,1743142941,0xbb603434ff9d592784358597dec05ed24837b83e5a0e59a2bcc641f5f01784c8,NewSale
0xdff6B5501a623b855b49911ac92B601083d684cC,80951,0xbc2d6E7c81E7f35473b3594031FCC4c519fD24Ad,0,0xa62db7185896111d0fa25c89124a41bfdfb047d9,1,200000000000000,48500000,140578,5004104,1743142959,0x0cb91fb0aa7706f8b8111f2b41c53d03d6658dac4aca8a41dca73b380b16351b,NewSale
0x00Bd5363CDaa95BE2f20e93A267312254Ef3d935,80984,0xbc2d6E7c81E7f35473b3594031FCC4c519fD24Ad,0,0xf122d6fa036a0222954d88639216b373ecde2e9d,1,200000000000000,48370000,140578,5004113,1743142977,0xf611d28d448f0ed4431d789f99abc2f4fe2bb4769b4885c97a603db395634d54,NewSale
0xAb4aC8B29466Ee42906a32C6bCb73720e93BE585,80985,0xbc2d6E7c81E7f35473b3594031FCC4c519fD24Ad,0,0x35bba09ee1db61cbc2feb015f21b761c49c4cff1,1,300000000000000,48800172,140590,5004123,1743142997,0xf35f7b679fab05695c6ebcb6833e9f029e6e13f3625608b15d5e7df53cfc4ee4,NewSale
0x00Bd5363CDaa95BE2f20e93A267312254Ef3d935,80970,0xbc2d6E7c81E7f35473b3594031FCC4c519fD24Ad,0,0xa62db7185896111d0fa25c89124a41bfdfb047d9,1,200000000000000,53140000,140578,5004124,1743142999,0x0d84558936eb9edb0121608020f2435edc89d05ed57c66fa72024c3b03368b2e,NewSale
0x00Bd5363CDaa95BE2f20e93A267312254Ef3d935,80986,0xbc2d6E7c81E7f35473b3594031FCC4c519fD24Ad,0,0xa62db7185896111d0fa25c89124a41bfdfb047d9,1,200000000000000,53160000,140578,5004138,1743143027,0x10fbd795b1db962637c7a0307e7c6f3619c3364aeb4d1a2b900c7d1d4cd79e85,NewSale
0xf81fD1FA9702A915DA1a14161Cb1341390503df4,81001,0xbc2d6E7c81E7f35473b3594031FCC4c519fD24Ad,0,0xa62db7185896111d0fa25c89124a41bfdfb047d9,1,200000000000000,54020000,140578,5004153,1743143057,0x077a01edd7a3524747c0f8abf5cafb44cb31be5c8b97a27d8fdeadb1cf9aa32f,NewSale
0xF122D6fA036a0222954d88639216b373eCDe2E9d,81016,0xbc2d6E7c81E7f35473b3594031FCC4c519fD24Ad,0,0xa62db7185896111d0fa25c89124a41bfdfb047d9,1,200000000000000,54520000,140578,5004163,1743143077,0x1213bc5179e448ff420c15898894cd9f6039d0b8739a030d8f6d4944217bb5b0,NewSale
0x00Bd5363CDaa95BE2f20e93A267312254Ef3d935,80987,0xbc2d6E7c81E7f35473b3594031FCC4c519fD24Ad,0,0x35bba09ee1db61cbc2feb015f21b761c49c4cff1,1,200000000000000,50631001,140578,5004210,1743143171,0xb611bc7e9dda2c0467698694d341dcf79bd767018075fe00c07f0c69ea7714d4,NewSale
0x3eb8Bf4c5EB3A79Ba7A38765B7A3BC431Ab58efA,81021,0xbc2d6E7c81E7f35473b3594031FCC4c519fD24Ad,1,0x423bbd54139e3f02ca5280d53dedba654011d377,1,250000000000000,49681401,140578,5004212,1743143175,0xec4128cb395c3583c0eceabf3aab66eeeed65fe6553f7dda0f76442611b8e59b,NewSale
0x64f7C019021aC74A68D90D08491Ca43b2a632E71,80955,0xbc2d6E7c81E7f35473b3594031FCC4c519fD24Ad,1,0x140485a2b330de836103bacc6ede0a3de078d251,1,16200000000000000000,51000000,182154,5004224,1743143199,0x7ae02c91aafce359cf5d1f78da669f8efe52b7e809cfc4d412a98792ed4c8d2c,NewSale
0x80fe121B69163E17bd4e9CC573652e29E48fa4ae,78698,0xbc2d6E7c81E7f35473b3594031FCC4c519fD24Ad,0,0x140485a2b330de836103bacc6ede0a3de078d251,1,22000000000000000000,52000000,182166,5004253,1743143257,0xc89ad548f93026faa1f9dd6a2fe36def156e0432e318e92cd820e67a173e0ed1,NewSale
0x3eb8Bf4c5EB3A79Ba7A38765B7A3BC431Ab58efA,81006,0xbc2d6E7c81E7f35473b3594031FCC4c519fD24Ad,1,0x18420375bfe559a1d4494f796d6d1bdbbf7070dc,1,250000000000000,51691670,140578,5004259,1743143269,0x48b0002ea4ca4096d1817f3134e3322a304e3a2cdba4f551ce6d0c1245860389,NewSale
0x00Bd5363CDaa95BE2f20e93A267312254Ef3d935,81014,0xbc2d6E7c81E7f35473b3594031FCC4c519fD24Ad,0,0xa62db7185896111d0fa25c89124a41bfdfb047d9,1,200000000000000,56440000,140578,5004273,1743143297,0x099af8257083963194582958925b1f5537e64a95c3d2833645ff9444dd0f7fac,NewSale
0x64f7C019021aC74A68D90D08491Ca43b2a632E71,80955,0xbc2d6E7c81E7f35473b3594031FCC4c519fD24Ad,1,0x140485a2b330de836103bacc6ede0a3de078d251,1,16200000000000000000,53000000,165054,5004282,1743143315,0xcd7b799f27231d19ffcd604328b6d5b3fc5a9a4cce41a4c7debab8664b1e84e5,NewSale
0x00Bd5363CDaa95BE2f20e93A267312254Ef3d935,80967,0xbc2d6E7c81E7f35473b3594031FCC4c519fD24Ad,0,0x35bba09ee1db61cbc2feb015f21b761c49c4cff1,1,200000000000000,53726101,135778,5004300,1743143351,0xb64cfe81ac8ae40c8c965fe738e131128bede3c5ecccd9f4f921ce304e61702c,NewSale
0x9622B0eebb2Ac57CE86fD2513463561c43fd86a8,80834,0xbc2d6E7c81E7f35473b3594031FCC4c519fD24Ad,1,0x140485a2b330de836103bacc6ede0a3de078d251,1,17000000000000000000,54000000,163443,5004308,1743143367,0x8bfd845b55bde31a8c48341231a1ce2accef895818798deaf488883e300cedd6,NewSale
0x41f07238C5096Eb7eb68c50FE8AE5AdDECBBF5C2,80635,0xbFCACb23F0B41EeEDFf7d04f52CE8f5125150806,10,0x963847b68c836b3d19b4ecbaf07f59a461b3e341,1,500000000000000,53168754,164783,5004316,1743143383,0x35b5abf7b395aa28b4d01621451d6c7dd44d12dc2771bd166c779861388c0425,NewSale
0x3eb8Bf4c5EB3A79Ba7A38765B7A3BC431Ab58efA,81035,0xbc2d6E7c81E7f35473b3594031FCC4c519fD24Ad,0,0xe7b4115510ce885242b8afd8bcb6a812a90d8d64,1,250000000000000,53448644,152878,5004324,1743143399,0x7bcf7ba29f648edc3ece70f1dda1e062b1818637b61494a43e7de0f51c744dc4,NewSale
0x9622B0eebb2Ac57CE86fD2513463561c43fd86a8,81040,0xbc2d6E7c81E7f35473b3594031FCC4c519fD24Ad,1,0x140485a2b330de836103bacc6ede0a3de078d251,1,16000000000000000000,55000000,163443,5004328,1743143407,0x24a5fabfce99ec2521151938cd2b5c75f98b00d503a1fb556a5ef1b4731b8f5d,NewSale
0x64f7C019021aC74A68D90D08491Ca43b2a632E71,80955,0xbc2d6E7c81E7f35473b3594031FCC4c519fD24Ad,1,0x140485a2b330de836103bacc6ede0a3de078d251,1,16200000000000000000,55000000,165054,5004355,1743143461,0x33d993ae76fb2ce6a5936d685cd09f0555e033b13cef79bdcdd7eee764dcdb73,NewSale
0x64f7C019021aC74A68D90D08491Ca43b2a632E71,80955,0xbc2d6E7c81E7f35473b3594031FCC4c519fD24Ad,1,0x140485a2b330de836103bacc6ede0a3de078d251,1,16200000000000000000,56000000,165054,5004381,1743143513,0x813046840eb7346604db80061a408b517219ed51e466ea9207e0ef942fe6bfbd,NewSale
0x64f7C019021aC74A68D90D08491Ca43b2a632E71,80955,0xbc2d6E7c81E7f35473b3594031FCC4c519fD24Ad,1,0x140485a2b330de836103bacc6ede0a3de078d251,1,16200000000000000000,57000000,158643,5004412,1743143575,0x83af913e01304e84d4125f89f6686aab07e46d7d2873509f2530f4c14e81a524,NewSale
0x5811d2f03E693a8Ff9a718DCd7Ddc2755B037f4d,80908,0xbc2d6E7c81E7f35473b3594031FCC4c519fD24Ad,1,0x35bba09ee1db61cbc2feb015f21b761c49c4cff1,1,249000000000000,56760406,152878,5004416,1743143583,0x6050a566581161e55ec5c411a1d449f7e241a23d901e194feef3c8813713e9f3,NewSale
0x8835ca99EB3A964301863EFEd8f6b97e914F3a51,81024,0xdc0F91C5a4D200FfC21658901c77c0fE1A14d199,0,0x405ed99e12daf1ee89dbdd1d0d4fd933d63eb13d,1,700000000000000,61590000,145383,5004418,1743143587,0xb19b760fc5bb80dd2e89358be244c786d27ed5d06277c36bd5c2767a8e234932,NewSale
0x3aDd5586D5abb966a08Cb2889C312Cf7f8D9Ce01,80905,0xbc2d6E7c81E7f35473b3594031FCC4c519fD24Ad,0,0x35bba09ee1db61cbc2feb015f21b761c49c4cff1,1,245000000000000,57052550,135778,5004421,1743143593,0x9a1cdfea3cccae425fa4b8d7fa55158f2da689ddd49816274e146976029852a5,NewSale
0xE4f4BaEd82d30f2244fE1722aeda37dEF4B38Ddc,79964,0xdc0F91C5a4D200FfC21658901c77c0fE1A14d199,0,0x405ed99e12daf1ee89dbdd1d0d4fd933d63eb13d,1,790000000000000,62090000,150183,5004432,1743143615,0x27e3b84785a9a57f85bd5b7e8d43cae21d0c3c21b4aba02a11fc10562bccc944,NewSale
0x1e892233459C4F96B9bafD13947f75EbF96410Ae,80794,0xbc2d6E7c81E7f35473b3594031FCC4c519fD24Ad,1,0x140485a2b330de836103bacc6ede0a3de078d251,1,19000000000000000000,58000000,163455,5004443,1743143637,0xdbb8ba3b97e0b6297f60013da1007d0b76a2c473b11f9d5ae8c2c8e910c5a082,NewSale
0xE4f4BaEd82d30f2244fE1722aeda37dEF4B38Ddc,79966,0xdc0F91C5a4D200FfC21658901c77c0fE1A14d199,0,0x405ed99e12daf1ee89dbdd1d0d4fd933d63eb13d,1,790000000000000,62330000,150183,5004444,1743143639,0x0c4ef82501b20a2b7820bcbf8c794d9dbca3f3f6cae7f1c62a26354a56cc2d38,NewSale
0x7bf2C2bfb4b90221594124aFBd38897552dED8bA,80911,0xbc2d6E7c81E7f35473b3594031FCC4c519fD24Ad,1,0xa139acaea60fff9446448bc95553c3c82ee4ff29,1,249000000000000,62890000,152878,5004455,1743143661,0xa8506ab599cd93fa19b7a764821246c034a33a10451699c90024146d875f4c46,NewSale
0xdF41dB10D25A7e2dd3f76D4D624e800A33BAD9Ea,71642,0xdc0F91C5a4D200FfC21658901c77c0fE1A14d199,0,0x405ed99e12daf1ee89dbdd1d0d4fd933d63eb13d,1,800000000000000,63280000,151782,5004459,1743143669,0x0dc4832ad0c5b2a89868f10bde9c537c937bb0e8edf5eb57db189317431de723,NewSale
0x08b5B9c56E3A0880A550C83CfBC13529A39d5AA6,80935,0xbc2d6E7c81E7f35473b3594031FCC4c519fD24Ad,1,0xa139acaea60fff9446448bc95553c3c82ee4ff29,1,249000000000000,63330000,135778,5004470,1743143691,0x5742882979110cede16e6b4a70ae84dd50a4b2dd2e1384605e9f940ed64bea3d,NewSale
0x9fED0Bf06b5B0193181066E9d16Cf8977d25B7DA,80922,0xbc2d6E7c81E7f35473b3594031FCC4c519fD24Ad,1,0x35bba09ee1db61cbc2feb015f21b761c49c4cff1,1,249000000000000,58091007,135778,5004472,1743143695,0xd35b03a30aa435d9307c6ec0a1056675e592a0b51ba1c82a897aae533da3bc9c,NewSale
0xdF41dB10D25A7e2dd3f76D4D624e800A33BAD9Ea,71642,0xdc0F91C5a4D200FfC21658901c77c0fE1A14d199,0,0x405ed99e12daf1ee89dbdd1d0d4fd933d63eb13d,1,800000000000000,63830000,150171,5004480,1743143711,0x5bb66d61f38f6b12d4dd901f208d4856511bc7cbe439bbb68c97bcf4b2323bbc,NewSale
0xf234F2d007D56168f658910071EdFC77c575A727,80925,0xbc2d6E7c81E7f35473b3594031FCC4c519fD24Ad,1,0xa139acaea60fff9446448bc95553c3c82ee4ff29,1,249000000000000,63690000,135778,5004482,1743143715,0x549618e3532d0f4b60a0037420039ab014d9e052fabc8db0bcb8e9a4edaadbf9,NewSale
0x14710C4Fd97C5ABd2d591C500f6099a4a42B5DaE,77698,0xdc0F91C5a4D200FfC21658901c77c0fE1A14d199,0,0x405ed99e12daf1ee89dbdd1d0d4fd933d63eb13d,1,800000000000000,63800000,150171,5004493,1743143737,0x3ceb44726569670d7e41c1d54bed6bd06e8dbb359aa93288f56212ff26371eec,NewSale
0xC0DEc165A5d6e6766Fbc35c977f89535899D0411,77663,0xbc2d6E7c81E7f35473b3594031FCC4c519fD24Ad,0,0xa139acaea60fff9446448bc95553c3c82ee4ff29,1,249999950000000,63760000,142201,5004495,1743143741,0xcbfc592347be3bcc7f37720556a42ca898afccdc5118b13619cdd4a4ab1985f9,NewSale
0xC0DEc165A5d6e6766Fbc35c977f89535899D0411,77663,0xbc2d6E7c81E7f35473b3594031FCC4c519fD24Ad,0,0x35bba09ee1db61cbc2feb015f21b761c49c4cff1,1,249999950000000,58855500,142201,5004505,1743143761,0xe3ff82926a9cbe62fd85138816509cd2d342ce4c123191494efd95c22a8a7294,NewSale
0xC0DEc165A5d6e6766Fbc35c977f89535899D0411,77663,0xbc2d6E7c81E7f35473b3594031FCC4c519fD24Ad,0,0xa139acaea60fff9446448bc95553c3c82ee4ff29,1,249999950000000,64110000,142201,5004506,1743143763,0xba51b800b1ba9d4373cf60bf7f7b5abaed470581f3331f96c60c14ad9e935b19,NewSale
0x0855cA9B13dff239c1d07D9d5609c8B151a7a854,79256,0xdc0F91C5a4D200FfC21658901c77c0fE1A14d199,0,0x405ed99e12daf1ee89dbdd1d0d4fd933d63eb13d,1,800000000000000,64170000,145371,5004508,1743143767,0x8277fa75b0556e931a1c87713d37cca71c5565c702cd05a7fe1acea6ea872710,NewSale
0x43B94132D4384bcEB7F4f8573F577EE108b8d8a0,81047,0xbc2d6E7c81E7f35473b3594031FCC4c519fD24Ad,0,0x6f8057449bba6988db409fb27291b10743441f84,1,250000000000000,59201476,157678,5004511,1743143773,0xfc183192d8262d443c076d7d6d2af3d7a0b193283e8d2b58c38009456ade6968,NewSale
0x1e892233459C4F96B9bafD13947f75EbF96410Ae,80803,0xbc2d6E7c81E7f35473b3594031FCC4c519fD24Ad,1,0x140485a2b330de836103bacc6ede0a3de078d251,1,19000000000000000000,59000000,163455,5004513,1743143777,0xcd3394e101725abbda6218170819a16210a8e581f27a744f5995837c4af145fb,NewSale
0xeF0Ef28b882d166B732d00A01Ea762B9CCd3FE44,81051,0xbc2d6E7c81E7f35473b3594031FCC4c519fD24Ad,1,0xa139acaea60fff9446448bc95553c3c82ee4ff29,1,245000000000000,64540000,142189,5004518,1743143787,0x0e6fda8779f58f66aa6cabbe31976e7d05e192c6d3404295c9731c557247a151,NewSale
0xD16Cc231eE5DBbbB2EDfD71EbCC31d96Fd65D226,81034,0x02e21A25F0038fa5BDEe9c0b77aC0c1E84d3d6f0,2186,0x18420375bfe559a1d4494f796d6d1bdbbf7070dc,1,590000000000000,59287866,155258,5004525,1743143801,0xb94c3157187613dd3f845c2171106744e3697496fa3a7b350189551bde490eb3,NewSale
0x3eb8Bf4c5EB3A79Ba7A38765B7A3BC431Ab58efA,81019,0xbc2d6E7c81E7f35473b3594031FCC4c519fD24Ad,1,0xb755b1e6418d34d5533267af10322d9b79b93dd3,1,250000000000000,64440000,152878,5004528,1743143807,0x1fb93139b0c7cf7c46365bd30366cfbc9e5b7254e3847333a9e2edc80ed00951,NewSale
0x43B94132D4384bcEB7F4f8573F577EE108b8d8a0,81038,0xbc2d6E7c81E7f35473b3594031FCC4c519fD24Ad,0,0xb409c9f2747cd74e40d9ebcbac0296b7edf613ed,1,250000000000000,64440000,140578,5004530,1743143811,0x9f8dcc2616db67eafbd82e8161cdbd28fc16e830b76a8156dcd70e08deaf224b,NewSale
0xeF0Ef28b882d166B732d00A01Ea762B9CCd3FE44,81051,0xbc2d6E7c81E7f35473b3594031FCC4c519fD24Ad,1,0xa139acaea60fff9446448bc95553c3c82ee4ff29,1,245000000000000,64440000,142189,5004531,1743143813,0x74429dcf0f8fc4db6119c5f9871e1e290dcebea7d9db4c2a01f1b0b827fc4529,NewSale
0xeF0Ef28b882d166B732d00A01Ea762B9CCd3FE44,81051,0xbc2d6E7c81E7f35473b3594031FCC4c519fD24Ad,1,0xa139acaea60fff9446448bc95553c3c82ee4ff29,1,245000000000000,64960000,142189,5004541,1743143833,0x97dc0747299e452c7f9f087dff56e83250fec57473559ba3d437ea12162d391e,NewSale
0xF122D6fA036a0222954d88639216b373eCDe2E9d,81054,0xbc2d6E7c81E7f35473b3594031FCC4c519fD24Ad,0,0xa139acaea60fff9446448bc95553c3c82ee4ff29,1,200000000000000,64940000,140578,5004554,1743143859,0x96e422bc409fe27ef2062d4ff59501e705adcead0004ee140caa9e4516b88369,NewSale
0xD16Cc231eE5DBbbB2EDfD71EbCC31d96Fd65D226,81037,0x02e21A25F0038fa5BDEe9c0b77aC0c1E84d3d6f0,2187,0x18420375bfe559a1d4494f796d6d1bdbbf7070dc,1,590000000000000,60053704,133358,5004576,1743143903,0xda1aef240957359e9f40a9509a13dac25384b822237e53e9991d33a361f2dba1,NewSale
0xeF0Ef28b882d166B732d00A01Ea762B9CCd3FE44,81051,0xbc2d6E7c81E7f35473b3594031FCC4c519fD24Ad,1,0x3872fb1d0d16b27bebcf27a409f78e6f3630f5bb,1,245000000000000,59464119,159289,5004606,1743143963,0x09856f0c113494ecce4be6a4ba105e9bf0c4e5ca7f99c2d170a5826e6dc074f0,NewSale
0x1e892233459C4F96B9bafD13947f75EbF96410Ae,80806,0xbc2d6E7c81E7f35473b3594031FCC4c519fD24Ad,1,0x6f8057449bba6988db409fb27291b10743441f84,1,19000000000000000000,60523988,180555,5004607,1743143965,0x0126adbd5eff0f76d274ce6d3eccde38a6d39a7ccdf3e65c15e50b7f627fa1fa,NewSale
0xfEaF76b47D6469deECCBa3F360844Bc65a24a542,79986,0xDfC21bE7cC791a5f03A95E836D385bBC6d7dF384,1348,0x18420375bfe559a1d4494f796d6d1bdbbf7070dc,1,640000000000000,60604383,155246,5004638,1743144027,0x5c80ff26d95c87dd9e4bdd724ab20c6b008e0f13faf3ff2dafa276b8e487e638,NewSale
0xbAa9672503be4067CCc6eBB08BEe52af3e0b3b4C,80862,0x2Bf46D4497e98FbA2304B0d2453922FFf559Ea02,71,0x18420375bfe559a1d4494f796d6d1bdbbf7070dc,1,590000000000000,60908147,164783,5004652,1743144055,0xbf7ab98ffbe6b920753489d9b045007ce84d7ad423eb24432909289b55709987,NewSale
0xbAa9672503be4067CCc6eBB08BEe52af3e0b3b4C,80739,0x2Bf46D4497e98FbA2304B0d2453922FFf559Ea02,39,0x18420375bfe559a1d4494f796d6d1bdbbf7070dc,1,599900000000000,60467810,164783,5004668,1743144087,0x842da0b04fb17bde528da0d3634b2530e311e6562398f0550925a8d72eeea9ce,NewSale
0xC0DEc165A5d6e6766Fbc35c977f89535899D0411,77659,0xbc2d6E7c81E7f35473b3594031FCC4c519fD24Ad,0,0x35bba09ee1db61cbc2feb015f21b761c49c4cff1,1,249999980000000,60197896,142177,5004689,1743144129,0xea4d3f14390af822e72f6ed246e7684a478b87c8c3f2b67ac9b28a0e635b3cb4,NewSale
0xC0DEc165A5d6e6766Fbc35c977f89535899D0411,77659,0xbc2d6E7c81E7f35473b3594031FCC4c519fD24Ad,0,0x35bba09ee1db61cbc2feb015f21b761c49c4cff1,1,249999980000000,60216999,142177,5004730,1743144211,0xa68463e420ce150ae3d9d4284a51dba713e4e319a08f43e5180c2addf1a54815,NewSale
0xC0DEc165A5d6e6766Fbc35c977f89535899D0411,77663,0xbc2d6E7c81E7f35473b3594031FCC4c519fD24Ad,0,0x3872fb1d0d16b27bebcf27a409f78e6f3630f5bb,1,249999950000000,59198185,159301,5004732,1743144215,0x911c00a3cc9cde3ad2df941b2d1caacba46e6d541008c82648cfe372af75da82,NewSale
0x1c7C2Ba71cBaA4f167c0A2676726E0334B573f75,81030,0xbc2d6E7c81E7f35473b3594031FCC4c519fD24Ad,0,0x47444db9d70eb322757b87b98110ea0391a3fa8f,1,250000000000000,59191831,140578,5004741,1743144233,0xdaf56fc99f95de7c4e2e2224662e78bc626f6e6049e6ef6a80ffc06db29c7260,NewSale
0x1e892233459C4F96B9bafD13947f75EbF96410Ae,80811,0xbc2d6E7c81E7f35473b3594031FCC4c519fD24Ad,1,0x6f8057449bba6988db409fb27291b10743441f84,1,19000000000000000000,60159097,158655,5004747,1743144245,0x197de0fbcc246869962c7c7c4110717dfe8b6f84fabf8b755ed1cf393f8396c0,NewSale
0x43B94132D4384bcEB7F4f8573F577EE108b8d8a0,81050,0xbc2d6E7c81E7f35473b3594031FCC4c519fD24Ad,0,0xf122d6fa036a0222954d88639216b373ecde2e9d,1,250000000000000,60140000,140578,5004763,1743144277,0x48f2b87b64fdeb293a84bb381f326d745c8a4877dd24f22cbbe7196946fe6c63,NewSale
0xC0DEc165A5d6e6766Fbc35c977f89535899D0411,77663,0xbc2d6E7c81E7f35473b3594031FCC4c519fD24Ad,0,0x35bba09ee1db61cbc2feb015f21b761c49c4cff1,1,249999950000000,61720524,142201,5004783,1743144317,0xdb15449c997347b56c1173d468d69c2b8d9ed1e1116a44aa27f9903223d53d4c,NewSale
0xeF0Ef28b882d166B732d00A01Ea762B9CCd3FE44,81051,0xbc2d6E7c81E7f35473b3594031FCC4c519fD24Ad,1,0x47444db9d70eb322757b87b98110ea0391a3fa8f,1,245000000000000,60212619,159289,5004803,1743144357,0xcae4e9a5d075337cf9eefcd37d27d41a26bf1643f9ab99afa3016f4dda4aa40e,NewSale
0xC0DEc165A5d6e6766Fbc35c977f89535899D0411,77662,0xbc2d6E7c81E7f35473b3594031FCC4c519fD24Ad,0,0xf075052a7265feb14f36002c9fdc22aa395ae66d,1,249999960000000,61450000,142177,5004804,1743144359,0x28642969ddfc81c8d6b22bed564fb6e39b2179f5946e1efeec4bda925024b086,NewSale
0xC0DEc165A5d6e6766Fbc35c977f89535899D0411,77663,0xbc2d6E7c81E7f35473b3594031FCC4c519fD24Ad,0,0xd8ce63094ee560d42f523aa5e6e400f83c688f9d,1,249999950000000,61450000,142189,5004804,1743144359,0xdcc4a1a1a5bb2433f431e2328272ca55dcdf32fb05da826dc417cb81f4c7a48d,NewSale
0xeF0Ef28b882d166B732d00A01Ea762B9CCd3FE44,81051,0xbc2d6E7c81E7f35473b3594031FCC4c519fD24Ad,1,0x945b1677670aaaa66d0150ae266f0dc8db95a7b3,1,245000000000000,61450000,159289,5004805,1743144361,0x189822c8e4ae6f87af793063ed487e27c1c3f09f256a61cbe5ace2b82c402b33,NewSale
0xf81fD1FA9702A915DA1a14161Cb1341390503df4,81059,0xbc2d6E7c81E7f35473b3594031FCC4c519fD24Ad,0,0x3f814dc225b278a2d480d9d28d53fd5f44e23123,1,200000000000000,61450000,135778,5004806,1743144363,0xdd78b30b7cb5290783a9a5569fb8987bae9df4b03171980411f6cbdd395f4812,NewSale
0x8851bB3fCe3122b6c33CD92195a1FA06C2B19F07,78822,0xbc2d6E7c81E7f35473b3594031FCC4c519fD24Ad,0,0x3f814dc225b278a2d480d9d28d53fd5f44e23123,1,260000000000000,61250000,135778,5004823,1743144397,0x60e1303687392fdcd1f0e882093578e74416c1f7ce94ca7e5f1aa4afbe227a01,NewSale
0x5b36413F1670668223f5AED8F588E72c5A83AAdD,81065,0xbc2d6E7c81E7f35473b3594031FCC4c519fD24Ad,0,0xd8ce63094ee560d42f523aa5e6e400f83c688f9d,1,250000000000000,61250000,140566,5004823,1743144397,0xefb1d59b96fc8c3040e6f5ae004c11e4cd7a56ae8db0d3e2989456e30cad1e87,NewSale
0x5b36413F1670668223f5AED8F588E72c5A83AAdD,81068,0xbc2d6E7c81E7f35473b3594031FCC4c519fD24Ad,0,0xf075052a7265feb14f36002c9fdc22aa395ae66d,1,250000000000000,61290000,140566,5004824,1743144399,0xe39e43628197df96470532e90b253a0a69ccb3fbf62c76a1da5ac3782dffbed2,NewSale
0xC0DEc165A5d6e6766Fbc35c977f89535899D0411,77661,0xbc2d6E7c81E7f35473b3594031FCC4c519fD24Ad,0,0x35bba09ee1db61cbc2feb015f21b761c49c4cff1,1,249999970000000,61686093,142201,5004831,1743144413,0x89e04a1b86a102fad544cd5fb75a915ae92103c2ba4f64171c07b7cb04a711e8,NewSale
0x5b36413F1670668223f5AED8F588E72c5A83AAdD,81057,0xbc2d6E7c81E7f35473b3594031FCC4c519fD24Ad,0,0x47444db9d70eb322757b87b98110ea0391a3fa8f,1,250000000000000,60636340,140578,5004832,1743144415,0x75f180b05eae0d17f5bc87506c742ae2616f74e6e29a8a5196c9b83c738d6a7e,NewSale
0xC0DEc165A5d6e6766Fbc35c977f89535899D0411,74777,0xbc2d6E7c81E7f35473b3594031FCC4c519fD24Ad,0,0xd8ce63094ee560d42f523aa5e6e400f83c688f9d,1,259999990000000,61990000,142189,5004840,1743144431,0x669270e06e039bb3eef9325f427cc27b80da3ca78a2a4fad9374c14fa26ca855,NewSale
0x8851bB3fCe3122b6c33CD92195a1FA06C2B19F07,78825,0xbc2d6E7c81E7f35473b3594031FCC4c519fD24Ad,1,0xf075052a7265feb14f36002c9fdc22aa395ae66d,1,260000000000000,61990000,152866,5004841,1743144433,0xc69d47e1811a91d56bc2e6b52fa302186f1065c471e042fafa43583cd83f51db,NewSale
0x06973767b6855a9AEffA72725BEFf2ac2724b0cC,79187,0xbc2d6E7c81E7f35473b3594031FCC4c519fD24Ad,1,0x3f814dc225b278a2d480d9d28d53fd5f44e23123,1,260000000000000,61550000,157678,5004842,1743144435,0xf71f4925ed92a1e1ec2ff392cced8dd17d603731c4efba343079a91602a11834,NewSale
0x06973767b6855a9AEffA72725BEFf2ac2724b0cC,79195,0xbc2d6E7c81E7f35473b3594031FCC4c519fD24Ad,1,0x945b1677670aaaa66d0150ae266f0dc8db95a7b3,1,260000000000000,61550000,135778,5004843,1743144437,0xb178e3e716619cef063599e7d61148c84fda885246b3cb5686012d93e20c3a95,NewSale
0x43B94132D4384bcEB7F4f8573F577EE108b8d8a0,81048,0xbc2d6E7c81E7f35473b3594031FCC4c519fD24Ad,0,0x47444db9d70eb322757b87b98110ea0391a3fa8f,1,250000000000000,60658803,140578,5004907,1743144565,0x6bc16d10db822b9ed27e9ed2c9e934a022df6e34f2395bff2cb3375459fda01e,NewSale
0x8DA3DfB039bDf889B65C26FD02C5cf57Ad41E8a4,81071,0xbc2d6E7c81E7f35473b3594031FCC4c519fD24Ad,0,0xa139acaea60fff9446448bc95553c3c82ee4ff29,1,200000000000000,61060000,140578,5005063,1743144877,0x7f89b46492a07e7a3db98d7925f5485ab2c4175c3b9a69cf0f45234553bf7948,NewSale
0x1c7C2Ba71cBaA4f167c0A2676726E0334B573f75,81039,0xbc2d6E7c81E7f35473b3594031FCC4c519fD24Ad,0,0x5bb064a3444b12d0f56a562778c13a380e7fb06c,1,250000000000000,60739016,140578,5005094,1743144939,0x710d27ead5555be481abf31385ac7402e00f65a94f7082da621f718e0f17999e,NewSale
0x47444db9d70eB322757b87B98110eA0391A3fA8F,81101,0xbc2d6E7c81E7f35473b3594031FCC4c519fD24Ad,1,0x3f814dc225b278a2d480d9d28d53fd5f44e23123,1,200000000000000,60360000,135778,5005112,1743144975,0x8446d467b1a912c79b1e2a4fed362174f5260326faaec9bbe44dedb14d2d6394,NewSale
0x184D68b6e2aFAa614406dD6F7c7aE861D1092141,81103,0xbc2d6E7c81E7f35473b3594031FCC4c519fD24Ad,0,0x945b1677670aaaa66d0150ae266f0dc8db95a7b3,1,190000000000000,60140000,140578,5005116,1743144983,0x8a6a03c7fa1315c342e1004d93165602536e5687ab4fdcc21c8b19fd2a3dd695,NewSale
0x47444db9d70eB322757b87B98110eA0391A3fA8F,81102,0xbc2d6E7c81E7f35473b3594031FCC4c519fD24Ad,0,0x423bbd54139e3f02ca5280d53dedba654011d377,1,200000000000000,59329822,140578,5005156,1743145063,0x8376f030bc67d293030e9e5d3cc9d106fdbb946e9fe7f09760d98649bd1fa020,NewSale
0xeF0Ef28b882d166B732d00A01Ea762B9CCd3FE44,81051,0xbc2d6E7c81E7f35473b3594031FCC4c519fD24Ad,1,0x857aaaef91a4f2bec67595c31211e1c996c44e2b,1,245000000000000,60340071,159289,5005175,1743145101,0x2b34e6348927094f4e12e91ffbf05836e8567ce113bdabf83ba6127fdd698b6c,NewSale
0xf075052a7265fEB14f36002c9FDc22AA395Ae66d,81100,0xbc2d6E7c81E7f35473b3594031FCC4c519fD24Ad,1,0xf86bfbc6f9dffe28b2ae6c51b1e1c2363251e053,1,250000000000000,61458220,152878,5005190,1743145131,0xa8cbcf0de0e121a6eb284167972d96bc975c1c3cc13bc58062cae9597efe9e9b,NewSale
0xf81d024c76eb849e4Da0543A7780C260e1135ca7,81110,0xbc2d6E7c81E7f35473b3594031FCC4c519fD24Ad,0,0xa327766ea3513d9c9d60de185cf2c0fb3bccad25,1,100000000000000000,61110000,180543,5005192,1743145135,0xc9eebeb44b2b5b5d8ec410c65a1106e8ebe1f79e5dd84cd21eb0e601ee76334f,NewSale
0x945B1677670AAaa66d0150aE266f0DC8dB95a7B3,81098,0xbc2d6E7c81E7f35473b3594031FCC4c519fD24Ad,1,0x5bb064a3444b12d0f56a562778c13a380e7fb06c,1,250000000000000,61802095,157678,5005201,1743145153,0x6d6662517958746e92e64c93475f4ffa7a7ef51b8a1c6c5e7dd1d8f8f7403552,NewSale
0xf81d024c76eb849e4Da0543A7780C260e1135ca7,81112,0xbc2d6E7c81E7f35473b3594031FCC4c519fD24Ad,0,0xa327766ea3513d9c9d60de185cf2c0fb3bccad25,1,1000000000000000000,61820000,163443,5005219,1743145189,0x2dfdff1e7db099338488ad264fc05a0555bd1906678d7b4d84e79f1829bb30d0,NewSale
0x184D68b6e2aFAa614406dD6F7c7aE861D1092141,81108,0xbc2d6E7c81E7f35473b3594031FCC4c519fD24Ad,0,0x857aaaef91a4f2bec67595c31211e1c996c44e2b,1,190000000000000,62228061,140578,5005231,1743145213,0x7dd349cfe881b2525f28577d501bec9c72f4ca67acbf776f3a5737b1980ad7ba,NewSale
0xf81d024c76eb849e4Da0543A7780C260e1135ca7,81116,0xbc2d6E7c81E7f35473b3594031FCC4c519fD24Ad,0,0xa327766ea3513d9c9d60de185cf2c0fb3bccad25,1,1000000000000000000,62540000,158643,5005260,1743145271,0xe3521a5f62791a8d0a3a0f273e6faf42371beaa3511ea3ab7c24ea68ae34f52f,NewSale
0x47444db9d70eB322757b87B98110eA0391A3fA8F,81105,0xbc2d6E7c81E7f35473b3594031FCC4c519fD24Ad,0,0x857aaaef91a4f2bec67595c31211e1c996c44e2b,1,200000000000000,62711005,140578,5005269,1743145289,0x0cad058e5f8af3ba7e46537e1021ea62552e46f8d04a1d503e6467dda905cb14,NewSale
0x184D68b6e2aFAa614406dD6F7c7aE861D1092141,81117,0xbc2d6E7c81E7f35473b3594031FCC4c519fD24Ad,0,0x857aaaef91a4f2bec67595c31211e1c996c44e2b,1,180000000000000,63389339,140578,5005300,1743145351,0xf04bd5ea2966a4a3c3cd55dd320dc7d4563f63ba9c01ecb6a3a2c4e8e225a09a,NewSale
0xC0DEc165A5d6e6766Fbc35c977f89535899D0411,77663,0xbc2d6E7c81E7f35473b3594031FCC4c519fD24Ad,0,0x80af0a1265fdfd4fdd2aa84e424f80973d0e6fb7,1,249999950000000,62950000,159301,5005307,1743145365,0xb939633ab516df90ec02cd55fcfff209d1a404ae6970acd5c5313918c8bc1df8,NewSale
0xC9649bd91DFBd9f6c36E838c199CFa69C9096D97,81111,0xbc2d6E7c81E7f35473b3594031FCC4c519fD24Ad,1,0x6a883015525f6908fabb61c85ccb73ff7f30f20e,1,249000000000000,62950000,152878,5005308,1743145367,0x5e0ab006c43a3ba3995f4d92802a2e0f2429bec8d7163780f320908a6a5ce236,NewSale
0xC0DEc165A5d6e6766Fbc35c977f89535899D0411,77663,0xbc2d6E7c81E7f35473b3594031FCC4c519fD24Ad,0,0xe8c85d93a87ee4d6546ad794a184a74e6f03a451,1,249999950000000,62950000,159301,5005310,1743145371,0x174a8fdc39dafb4cb657d1c4fd03d82d87e948c13e9eaf443ce759847a110d90,NewSale
0xF560B67f7614D85779BC39F663fC98aB056a907b,81106,0xbc2d6E7c81E7f35473b3594031FCC4c519fD24Ad,1,0xcb0cf72d68028c0b4d11abe1cfb9739eec7bb26a,1,249000000000000,62950000,152878,5005311,1743145373,0xf1d9143daea10c64733ee8b6f52453ca0e28cc77c7a0654f2b54f73e64067b7f,NewSale
0x47444db9d70eB322757b87B98110eA0391A3fA8F,81107,0xbc2d6E7c81E7f35473b3594031FCC4c519fD24Ad,0,0xc49efb2c46a50b38efe41e359d012fd3c830ea8e,1,200000000000000,63360000,157678,5005313,1743145377,0x7aa4c0685737d8f4374a89742b258cb27bc300e100c8a11a35bf5b1166f7723d,NewSale
0x184D68b6e2aFAa614406dD6F7c7aE861D1092141,81118,0xbc2d6E7c81E7f35473b3594031FCC4c519fD24Ad,0,0x80af0a1265fdfd4fdd2aa84e424f80973d0e6fb7,1,170000000000000,63880000,140578,5005323,1743145397,0xdbf556627c6afa005bc72a350af51fb64471ca100b5ec351e1a40c822b40ee93,NewSale
0xeF0Ef28b882d166B732d00A01Ea762B9CCd3FE44,81051,0xbc2d6E7c81E7f35473b3594031FCC4c519fD24Ad,1,0x6a883015525f6908fabb61c85ccb73ff7f30f20e,1,245000000000000,64170000,142189,5005332,1743145415,0x21125746a0b33797c9a4f6dc7d07d8dc54a4af3c589260ec15d99125ffd1eabd,NewSale
0x184D68b6e2aFAa614406dD6F7c7aE861D1092141,81122,0xbc2d6E7c81E7f35473b3594031FCC4c519fD24Ad,0,0xe8c85d93a87ee4d6546ad794a184a74e6f03a451,1,180000000000000,64170000,140578,5005340,1743145431,0x39edfe50fe1589959db3bd4fb6fed625f6feeb3285d1cb5c3787fa895403a425,NewSale
0xeF0Ef28b882d166B732d00A01Ea762B9CCd3FE44,81051,0xbc2d6E7c81E7f35473b3594031FCC4c519fD24Ad,1,0xc49efb2c46a50b38efe41e359d012fd3c830ea8e,1,245000000000000,64670000,159289,5005341,1743145433,0x24056eecd71a1ceef6db748284deed673ee9de8fa3b9924c6b1149a48e6d97a9,NewSale
0xccA48C80B8aA6C4ee5d07B79F7AE3318558f874C,81104,0xbc2d6E7c81E7f35473b3594031FCC4c519fD24Ad,1,0xcb0cf72d68028c0b4d11abe1cfb9739eec7bb26a,1,249000000000000,64670000,135778,5005341,1743145433,0x6905fa936667a02f6dfcb81abacc7a6eda10a8010af627559c2036dca4f74715,NewSale
0xC0DEc165A5d6e6766Fbc35c977f89535899D0411,77663,0xbc2d6E7c81E7f35473b3594031FCC4c519fD24Ad,0,0x6a883015525f6908fabb61c85ccb73ff7f30f20e,1,249999950000000,64610000,159301,5005360,1743145471,0x8e299db2963a90a59229c9d31cac27e76617e534ff4b5e4301643e4e2f940ced,NewSale
0xeF0Ef28b882d166B732d00A01Ea762B9CCd3FE44,81051,0xbc2d6E7c81E7f35473b3594031FCC4c519fD24Ad,1,0x80af0a1265fdfd4fdd2aa84e424f80973d0e6fb7,1,245000000000000,64610000,157678,5005360,1743145471,0x408eea65ef6266249e9ac8a6f017cc29dfc544d0b4cffe7c34d58cdaaf825667,NewSale
0xC0DEc165A5d6e6766Fbc35c977f89535899D0411,77659,0xbc2d6E7c81E7f35473b3594031FCC4c519fD24Ad,0,0xc49efb2c46a50b38efe41e359d012fd3c830ea8e,1,249999980000000,64610000,142177,5005361,1743145473,0x6a725b32590751cadcc78945ef2aed6323a1ef39fb2c455be9e4bb50322927ee,NewSale
0xC0DEc165A5d6e6766Fbc35c977f89535899D0411,77663,0xbc2d6E7c81E7f35473b3594031FCC4c519fD24Ad,0,0xe8c85d93a87ee4d6546ad794a184a74e6f03a451,1,249999950000000,64610000,142201,5005362,1743145475,0x07af4526a66d4aa9dff864748c880ded8b6b2e08fdc425681111b01cf94d7ede,NewSale
0xC0DEc165A5d6e6766Fbc35c977f89535899D0411,77661,0xbc2d6E7c81E7f35473b3594031FCC4c519fD24Ad,0,0xcb0cf72d68028c0b4d11abe1cfb9739eec7bb26a,1,249999970000000,64610000,159301,5005362,1743145475,0x6ed4e2821450599aa27aa417d1ff3fbd2942424fd1cdc71fc908aae666ae0916,NewSale
0xC0DEc165A5d6e6766Fbc35c977f89535899D0411,77663,0xbc2d6E7c81E7f35473b3594031FCC4c519fD24Ad,0,0xc49efb2c46a50b38efe41e359d012fd3c830ea8e,1,249999950000000,64960000,142201,5005387,1743145525,0xc72fb864c5c943c849a94cc86e84dd3fd6d05ce32b781fe41117ad097572eb78,NewSale
0xC0DEc165A5d6e6766Fbc35c977f89535899D0411,77663,0xbc2d6E7c81E7f35473b3594031FCC4c519fD24Ad,0,0xcb0cf72d68028c0b4d11abe1cfb9739eec7bb26a,1,249999950000000,64960000,142201,5005387,1743145525,0x6c2237121138eeda9f1ff86544c7ec7952881eb2c2aac1a2043433ae6a36e20c,NewSale
0xC0DEc165A5d6e6766Fbc35c977f89535899D0411,77661,0xbc2d6E7c81E7f35473b3594031FCC4c519fD24Ad,0,0x80af0a1265fdfd4fdd2aa84e424f80973d0e6fb7,1,249999970000000,64960000,142201,5005388,1743145527,0x6b30ad7dcafca0e03d842ea931240086fe5d868b3aaa4691af1333cdcf78f178,NewSale
0xC0DEc165A5d6e6766Fbc35c977f89535899D0411,77662,0xbc2d6E7c81E7f35473b3594031FCC4c519fD24Ad,0,0x6a883015525f6908fabb61c85ccb73ff7f30f20e,1,249999960000000,64960000,142189,5005388,1743145527,0x9bab594ad0321aa5b0d33483853d321befeff80403e378a652895a764890897e,NewSale
0xC0DEc165A5d6e6766Fbc35c977f89535899D0411,74893,0xbc2d6E7c81E7f35473b3594031FCC4c519fD24Ad,0,0xe8c85d93a87ee4d6546ad794a184a74e6f03a451,1,249999990000000,64880000,142201,5005390,1743145531,0xa4a5072bcbba6a8227c86c124a61a00a7c3f903e079fdda5ddff71702c68b3e2,NewSale
0x945B1677670AAaa66d0150aE266f0DC8dB95a7B3,81093,0xbc2d6E7c81E7f35473b3594031FCC4c519fD24Ad,1,0x423bbd54139e3f02ca5280d53dedba654011d377,1,250000000000000,64623867,135778,5005402,1743145555,0xeadba0d97739de0c0e63435966f3763a2f1fb74207c81953861d44182ef1827d,NewSale
0xe8C85D93a87Ee4D6546ad794A184a74E6f03A451,81135,0xbc2d6E7c81E7f35473b3594031FCC4c519fD24Ad,0,0xf03996fbe4f14695b93f27c769e5291a682ee298,1,260000000000000,69852027,140578,5005499,1743145749,0xfa3a2c859c55c258d86f21093a0d2f374dab3b0517ecb958c51fb541f02f2c00,NewSale
0xa139ACAEa60FFf9446448Bc95553C3C82ee4FF29,81115,0xbc2d6E7c81E7f35473b3594031FCC4c519fD24Ad,1,0x43c68918b2a4bc9ccf6c6442c088c73afb3d3235,1,500000000000000,70682217,157690,5005502,1743145755,0x9cd17959e3f18deb37a326bea2b95abae87e38f53e4188830f4465f63b06478d,NewSale
0x76BE9A174827fB91E6f1E19011d38e08227A6da2,80915,0x02e21A25F0038fa5BDEe9c0b77aC0c1E84d3d6f0,2172,0xc1859970b19e3aa5483a4f1d1cdd92887025e1f2,1,500000000000000,70069864,155258,5005505,1743145761,0xc87d41e79464edc92704ab6c76be46974b8700e592b44b9a534619c4c766673a,NewSale
0xE4f4BaEd82d30f2244fE1722aeda37dEF4B38Ddc,79962,0xdc0F91C5a4D200FfC21658901c77c0fE1A14d199,0,0x5265cb5d393c30c1deeaffc72f60740d4538a5b0,1,800000000000000,71312431,145371,5005544,1743145839,0xc9a370ad10e71bb1746f2d37c0ce96ba7fab5f7dfa950d223ac9fd9de3cfd413,NewSale
0xA327766ea3513d9C9D60DE185Cf2C0fB3bCCAd25,81162,0xbc2d6E7c81E7f35473b3594031FCC4c519fD24Ad,0,0xbf5ab8592addd237d35dddd3660ced9235219774,1,100000000000000000,72730000,180543,5005563,1743145877,0xb0b3469c7cc275487cc09a88d8be9ccd4b58e2b51c86c85a383d56d2787b6be4,NewSale
0xb136B4bd7fb656aAFB6853Dd97a4d7ad72286aC4,81129,0xbc2d6E7c81E7f35473b3594031FCC4c519fD24Ad,1,0x80af0a1265fdfd4fdd2aa84e424f80973d0e6fb7,1,249000000000000,73020000,135778,5005570,1743145891,0x3204f214dcab8f4f23e20c6b4fabc032c6cb6655ca846f7ab3f8831e6d40bbfe,NewSale
0xeF0Ef28b882d166B732d00A01Ea762B9CCd3FE44,81158,0xbc2d6E7c81E7f35473b3594031FCC4c519fD24Ad,1,0xc49efb2c46a50b38efe41e359d012fd3c830ea8e,1,240000000000000,72740000,142177,5005570,1743145891,0x7f192a04c0597ba3f194bd4e02dd0e254eada2ee75dc618c52c470f36fd44a74,NewSale
0xC0DEc165A5d6e6766Fbc35c977f89535899D0411,77661,0xbc2d6E7c81E7f35473b3594031FCC4c519fD24Ad,0,0xe8c85d93a87ee4d6546ad794a184a74e6f03a451,1,249999970000000,73020000,142201,5005574,1743145899,0xba2a7e030a6302fdd5fc0f5c78f85a9365b309582a526523a3004b232eb1bdc0,NewSale
0xA327766ea3513d9C9D60DE185Cf2C0fB3bCCAd25,81169,0xbc2d6E7c81E7f35473b3594031FCC4c519fD24Ad,0,0xbf5ab8592addd237d35dddd3660ced9235219774,1,100000000000000000,73070000,163443,5005591,1743145933,0xf90f8d269f53bbd302e0ee312b25d9c7c16b747bfc517ad33bd02509a6b8c253,NewSale
0x184D68b6e2aFAa614406dD6F7c7aE861D1092141,81130,0xbc2d6E7c81E7f35473b3594031FCC4c519fD24Ad,0,0xbbc160f4ff88a16111528707ee2161211ae1f29e,1,240000000000000,72937144,140566,5005596,1743145943,0x64ea68c1e3282f631d672b6744ede633afe61c04a278ec98288c6e0d82632cde,NewSale
0xe8C85D93a87Ee4D6546ad794A184a74E6f03A451,81151,0xbc2d6E7c81E7f35473b3594031FCC4c519fD24Ad,0,0x84d26e46f3f523184ea941932a076ab96452e510,1,260000000000000,71852937,140578,5005613,1743145977,0xb05e54602d5955a659fcee74a0827c3db0122804932b8c4b5fce226b773c3664,NewSale
0xA327766ea3513d9C9D60DE185Cf2C0fB3bCCAd25,81173,0xbc2d6E7c81E7f35473b3594031FCC4c519fD24Ad,0,0xbf5ab8592addd237d35dddd3660ced9235219774,1,100000000000000000,73990000,158643,5005626,1743146003,0x7b2d3ce46d798fcb1f6046ed94bd67afb8a74ed7d17029b7e2c9b5770c1ad68d,NewSale
0xeF0Ef28b882d166B732d00A01Ea762B9CCd3FE44,81158,0xbc2d6E7c81E7f35473b3594031FCC4c519fD24Ad,1,0x263c8d230b503a563a09dfde0a9fef3c93c5c1d5,1,240000000000000,73870000,159277,5005636,1743146023,0xab28b20b90ce95c72a237d89bbe1cd323d1b2721032e7442008d58fe112c67ca,NewSale
0x184D68b6e2aFAa614406dD6F7c7aE861D1092141,81136,0xbc2d6E7c81E7f35473b3594031FCC4c519fD24Ad,0,0x2286a6a665172c739986d0c27e713e9a9ec42265,1,240000000000000,73870000,152866,5005637,1743146025,0xdc5fb19976fcee70bee1e352357b877d4dba939a2fa15c55e4485b26c58bee4e,NewSale
0xF03996FBe4f14695b93f27c769e5291A682EE298,81165,0xbc2d6E7c81E7f35473b3594031FCC4c519fD24Ad,0,0x5f64e6ae87c8a35d57f045129f1c90b2aad4d9a6,1,200000000000000,74030000,140578,5005638,1743146027,0x535cc96b0489749ed9a888cb343a0507558a9225a13a05434891eb239ed6ec56,NewSale
0xF03996FBe4f14695b93f27c769e5291A682EE298,81168,0xbc2d6E7c81E7f35473b3594031FCC4c519fD24Ad,0,0xe2ed076bd3a197ff4411c926b9308814efbc9878,1,200000000000000,73870000,152878,5005638,1743146027,0x7235a10fdedb0a6a3c4ffe31f5abb1b499d351312027244005fef2d17ff1ad8e,NewSale
0xC0DEc165A5d6e6766Fbc35c977f89535899D0411,77659,0xbc2d6E7c81E7f35473b3594031FCC4c519fD24Ad,0,0x5f64e6ae87c8a35d57f045129f1c90b2aad4d9a6,1,249999980000000,75520000,142177,5005658,1743146067,0xb4bf5594e36833b78eb784272a460e588caa007f1642208d44985447f07f6aa0,NewSale
0xbd66e7900Aa7D278cBd7cd9Cd59F2E4b118d3CEd,81176,0xbc2d6E7c81E7f35473b3594031FCC4c519fD24Ad,1,0x1f2d0195c25b8b3bb2805508a6e75e933a36b58b,1,249900000000000,76150000,152878,5005665,1743146081,0x4cbc5d9a5f9630293249bb225a7d2e6480499af92cf14eb3e089bbcf1d6e1cc0,NewSale
0xcaacc8cF85A9778052C4523EE4B9a461EFeFA522,81171,0xbc2d6E7c81E7f35473b3594031FCC4c519fD24Ad,1,0xe2ed076bd3a197ff4411c926b9308814efbc9878,1,249900000000000,76150000,152878,5005665,1743146081,0xcbae195a9ad67ec64adf67bde397a10a5f8191e95ee368949b9fd0207d0ea719,NewSale
0x8c8959f2D384802fB54ad334f00F708B17843501,81163,0xbc2d6E7c81E7f35473b3594031FCC4c519fD24Ad,1,0x5f64e6ae87c8a35d57f045129f1c90b2aad4d9a6,1,249000000000000,76150000,135778,5005669,1743146089,0xe9d7ff9abdd79b100f83dd066a93dc8111d384f83a9eb70455d6c9414cce1852,NewSale
0xeF0Ef28b882d166B732d00A01Ea762B9CCd3FE44,81158,0xbc2d6E7c81E7f35473b3594031FCC4c519fD24Ad,1,0x5bac4631f43a159a20b3a56fabb23690b911f8d5,1,240000000000000,76100000,159277,5005673,1743146097,0xa09450a1adc3d463890497fec4cf606d9dc32bfe8867b5c0de410634d1014f7d,NewSale
0x5a2Ee344a101068435B6678abCD9434F7d641092,81174,0xbc2d6E7c81E7f35473b3594031FCC4c519fD24Ad,1,0x263c8d230b503a563a09dfde0a9fef3c93c5c1d5,1,249000000000000,76100000,135778,5005673,1743146097,0x0c3a40582d98db415d478b483092f39b19bfbcc40191c0daa458d73ffba15f4d,NewSale
0xbf5Ab8592addD237D35dDdd3660Ced9235219774,81179,0xbc2d6E7c81E7f35473b3594031FCC4c519fD24Ad,0,0xa327766ea3513d9c9d60de185cf2c0fb3bccad25,1,100000000000000000,76090000,180543,5005674,1743146099,0xd26e5ed5835f27ca5fb2c9f21b7d3b5cd3a099ddc1740af16d6fdef990d2908a,NewSale
0xC0DEc165A5d6e6766Fbc35c977f89535899D0411,77661,0xbc2d6E7c81E7f35473b3594031FCC4c519fD24Ad,0,0x1f2d0195c25b8b3bb2805508a6e75e933a36b58b,1,249999970000000,76940000,159301,5005693,1743146137,0x429de84273799862d5887228a6ba91e810752b7a4fb476ca432263ef4010aa65,NewSale
0xC0DEc165A5d6e6766Fbc35c977f89535899D0411,74893,0xbc2d6E7c81E7f35473b3594031FCC4c519fD24Ad,0,0xe2ed076bd3a197ff4411c926b9308814efbc9878,1,249999990000000,76940000,142201,5005694,1743146139,0x68a6078f3fadb37538aa6cceaf208c109ebb0ce33a496fa3709fe301ffc99198,NewSale
0xC0DEc165A5d6e6766Fbc35c977f89535899D0411,77661,0xbc2d6E7c81E7f35473b3594031FCC4c519fD24Ad,0,0x5bac4631f43a159a20b3a56fabb23690b911f8d5,1,249999970000000,76940000,159301,5005694,1743146139,0x63a7a53defe8bc314a55a91fd88facdaa3eb9a2e6d1936b609565337c45abb29,NewSale
0xC0DEc165A5d6e6766Fbc35c977f89535899D0411,74893,0xbc2d6E7c81E7f35473b3594031FCC4c519fD24Ad,0,0x263c8d230b503a563a09dfde0a9fef3c93c5c1d5,1,249999990000000,76940000,159301,5005695,1743146141,0x1dc2f07c07eb78b244a7b7fad4a9412e1000a148319a28c95984e9f884d86339,NewSale
0xC0DEc165A5d6e6766Fbc35c977f89535899D0411,74893,0xbc2d6E7c81E7f35473b3594031FCC4c519fD24Ad,0,0x2286a6a665172c739986d0c27e713e9a9ec42265,1,249999990000000,76940000,142201,5005695,1743146141,0x2363e9cce27e43a9b5211da9b2331ad4152872088e6ae2dad8e24ca4ac622623,NewSale
0xbf5Ab8592addD237D35dDdd3660Ced9235219774,81181,0xbc2d6E7c81E7f35473b3594031FCC4c519fD24Ad,0,0xa327766ea3513d9c9d60de185cf2c0fb3bccad25,1,100000000000000000,77120000,163443,5005700,1743146151,0x12832f31baaacec16e2ea40b75c60ac7d35e502ad2a1c470c5e85c3b78a02eb1,NewSale
0xC0DEc165A5d6e6766Fbc35c977f89535899D0411,74893,0xbc2d6E7c81E7f35473b3594031FCC4c519fD24Ad,0,0x5bac4631f43a159a20b3a56fabb23690b911f8d5,1,249999990000000,77270000,142201,5005718,1743146187,0x9e4b946cb9e43c9960cd72f575273be08540908f9096da87d15d099f0180dbb2,NewSale
0x1c7C2Ba71cBaA4f167c0A2676726E0334B573f75,81025,0xbc2d6E7c81E7f35473b3594031FCC4c519fD24Ad,0,0x2286a6a665172c739986d0c27e713e9a9ec42265,1,250000000000000,77270000,140578,5005719,1743146189,0x031c56654555e3a1e9d8037855d33501b3ad61fdfb12c8a5f9656b62d071ab05,NewSale
0x5b36413F1670668223f5AED8F588E72c5A83AAdD,81058,0xbc2d6E7c81E7f35473b3594031FCC4c519fD24Ad,0,0x263c8d230b503a563a09dfde0a9fef3c93c5c1d5,1,250000000000000,77270000,135778,5005719,1743146189,0x144c6c56e61f606ec1c5643c64ce4aa0e97b202ba337fe32d20e5ecd3a57ecbc,NewSale
0xC0DEc165A5d6e6766Fbc35c977f89535899D0411,77661,0xbc2d6E7c81E7f35473b3594031FCC4c519fD24Ad,0,0x1f2d0195c25b8b3bb2805508a6e75e933a36b58b,1,249999970000000,77270000,142201,5005720,1743146191,0x064f1cf06827f96f323eb4b6d77465bcec7f24f66281a50d8cfd63adb08c0fd3,NewSale
0xC0DEc165A5d6e6766Fbc35c977f89535899D0411,77663,0xbc2d6E7c81E7f35473b3594031FCC4c519fD24Ad,0,0xe2ed076bd3a197ff4411c926b9308814efbc9878,1,249999950000000,77270000,142201,5005721,1743146193,0x3c5fb32729ea5edf16c6e3ba59ef5c7736510156ee3bf87ccc895e68d7f3b9b7,NewSale
0xbf5Ab8592addD237D35dDdd3660Ced9235219774,81182,0xbc2d6E7c81E7f35473b3594031FCC4c519fD24Ad,0,0xa327766ea3513d9c9d60de185cf2c0fb3bccad25,1,100000000000000000,77560000,158643,5005722,1743146195,0xbc4e5e222dbac9b72a7521366d77fe70193b15000e6ba33a2e0d2ab3c66ca9db,NewSale
0xC1859970B19e3Aa5483A4f1D1CdD92887025e1f2,81175,0x02e21A25F0038fa5BDEe9c0b77aC0c1E84d3d6f0,2172,0x43c68918b2a4bc9ccf6c6442c088c73afb3d3235,1,600000000000000,77282130,150458,5005723,1743146197,0xb33da00b4dfc732bdc51d2230093e92b622a9457a23fdf0948ba259d54b89096,NewSale
0xCb0cf72d68028C0b4D11ABE1CfB9739eec7bB26a,81133,0xbc2d6E7c81E7f35473b3594031FCC4c519fD24Ad,0,0xb34e767f9cd5996be607c5ab795c8a1fba5f8148,1,260000000000000,77879106,140578,5005764,1743146279,0x4359abda33442f547a5b10c0ce6325ceafbdb8fffb02df331fc5bff43dd2be5b,NewSale
0x3872fb1d0D16B27beBCF27a409F78E6F3630f5Bb,81075,0xbc2d6E7c81E7f35473b3594031FCC4c519fD24Ad,0,0xd415b0cc965b84e460fd7e4af58e8efb15c76607,1,260000000000000,78042042,135778,5005770,1743146291,0xdc8f16786b6837466d03b1d7642c121835b90cb154291ebebd6653b8afeee213,NewSale
0x80fe121B69163E17bd4e9CC573652e29E48fa4ae,80302,0x897d1cBBeDC44c8371672e8cA72555b5194D6D86,0,0xaa581b78a2e8e249c52f5de6ab5770407fa34261,1,996000000000000,78805047,151810,5005807,1743146365,0xaffd1a04156f2ea6f5197f1dd825f3dc617a18d65b3f4002de0f21721b2c95c2,NewSale
0xCb0cf72d68028C0b4D11ABE1CfB9739eec7bB26a,81155,0xbc2d6E7c81E7f35473b3594031FCC4c519fD24Ad,1,0xf03996fbe4f14695b93f27c769e5291a682ee298,1,260000000000000,77619466,157678,5005812,1743146375,0x92aad815a03fadb0f9d85b0d2b86d94ecf8403e72862bbff9fdd59584533603f,NewSale
0xA617CfC83A34cF653d6c248b4d57ff9d2A3fc999,81192,0xbc2d6E7c81E7f35473b3594031FCC4c519fD24Ad,1,0xd415b0cc965b84e460fd7e4af58e8efb15c76607,1,210000000000000,78165371,140578,5005838,1743146427,0xcdb9c1af9376d006f619423951e71507110f0c2661af9f8ac9bfd67cb20dddac,NewSale
0xA617CfC83A34cF653d6c248b4d57ff9d2A3fc999,81187,0xbc2d6E7c81E7f35473b3594031FCC4c519fD24Ad,1,0xf86bfbc6f9dffe28b2ae6c51b1e1c2363251e053,1,210000000000000,78207307,140578,5005842,1743146435,0x3553192e4ad5f28f8b172f595a08d54f132af440fb4fdc58760e5b693c90b668,NewSale
0x80fe121B69163E17bd4e9CC573652e29E48fa4ae,80302,0x897d1cBBeDC44c8371672e8cA72555b5194D6D86,0,0xaa581b78a2e8e249c52f5de6ab5770407fa34261,1,996000000000000,78239065,151810,5005867,1743146485,0xfac25d2e7f88c5feb19b641c0ae25a5726abd6cc5fd948811ed03bdd3907052c,NewSale
0xeF0Ef28b882d166B732d00A01Ea762B9CCd3FE44,81158,0xbc2d6E7c81E7f35473b3594031FCC4c519fD24Ad,1,0xd415b0cc965b84e460fd7e4af58e8efb15c76607,1,240000000000000,78456836,142177,5005868,1743146487,0x8ceccef77f74fb813965d70375f993ee3bc11835427369a230a7eef93b48e112,NewSale
0xC682f0596209C2B06E52C473C1fD45eD68018eB2,81209,0xbc2d6E7c81E7f35473b3594031FCC4c519fD24Ad,0,0x10a1a287b71344ee57e8c6263579dc70fc4e3607,1,200000000000000,78050000,140578,5005870,1743146491,0x7a4f4be66dbbe47c117221c4cb460a9f37fafbead46111eb2bff650d2631ea1e,NewSale
0xE20C4225a967a12c40b5CAC343CA3EC7D09a2f48,81177,0xdc0F91C5a4D200FfC21658901c77c0fE1A14d199,0,0x1194187940ae1f52d2d2b1a82f009d0ee5cd5ccb,1,700000000000000,81514269,145371,5005888,1743146527,0x2e93a12256aef98ec3dfcb57d48682ae29a6f0a2b687d8c160fb1ead550fdd60,NewSale
0xA617CfC83A34cF653d6c248b4d57ff9d2A3fc999,81184,0xbc2d6E7c81E7f35473b3594031FCC4c519fD24Ad,1,0xd415b0cc965b84e460fd7e4af58e8efb15c76607,1,210000000000000,81410370,140578,5005897,1743146545,0x16fc9e6bb88710cd4e63315b40bb8b5239539ce050391167691a27098d0cdb1b,NewSale
0xC682f0596209C2B06E52C473C1fD45eD68018eB2,81224,0xbc2d6E7c81E7f35473b3594031FCC4c519fD24Ad,0,0x10a1a287b71344ee57e8c6263579dc70fc4e3607,1,200000000000000,81700000,135778,5005931,1743146613,0xa6b01c60f6b16f313693c9ccc7d5ae895a92145f638409fb08e53fb6090dfebc,NewSale
0x0B89882A67E92DEa3D658e18c553a5F2A088dC9D,81223,0xbc2d6E7c81E7f35473b3594031FCC4c519fD24Ad,0,0x10a1a287b71344ee57e8c6263579dc70fc4e3607,1,200000000000000,99890000,140578,5005945,1743146641,0x5b70972891eb4d91b1096671369f8ded71377687bdb833d7ca544784bd9b18c6,NewSale
0x87db6Eb4321133A5856Ff9764430d80c0ea8f2Ff,79019,0xbc2d6E7c81E7f35473b3594031FCC4c519fD24Ad,0,0x1c84632b3e5964b7cd95a083a57d528c0bb1ad0c,1,2000000,83376212,190650,5005956,1743146663,0x423d2c0deaf78266a6e1c76f7cbf8b9297ef700f90e11f852062fb045614e866,NewSale
0x0B89882A67E92DEa3D658e18c553a5F2A088dC9D,81232,0xbc2d6E7c81E7f35473b3594031FCC4c519fD24Ad,0,0x10a1a287b71344ee57e8c6263579dc70fc4e3607,1,200000000000000,83320000,140578,5005964,1743146679,0x78df9c4124c5084655ea2fb29879067d82c47355103f4208f392e3b4ef8ca193,NewSale
0x529F71B8285ECbabF59359e9284E98AD05e683E7,81239,0xbc2d6E7c81E7f35473b3594031FCC4c519fD24Ad,1,0x64f7c019021ac74a68d90d08491ca43b2a632e71,1,16320000000000000000,82045509,178454,5005964,1743146679,0xfc085a58e86ec3791d2ff885b0777934e6b5130e92605722defb8b198184871d,NewSale
0xC94A5A3c2F3d98882f66BFC477DD695bE3BBeCef,81180,0xbc2d6E7c81E7f35473b3594031FCC4c519fD24Ad,1,0xd415b0cc965b84e460fd7e4af58e8efb15c76607,1,249000000000000,82778170,135778,5005966,1743146683,0x4c6a41f067cc0af0f33e11495f08f1767b6cda601eec6a6c48a74f0434f65816,NewSale
0xA617CfC83A34cF653d6c248b4d57ff9d2A3fc999,81189,0xbc2d6E7c81E7f35473b3594031FCC4c519fD24Ad,1,0x10a1a287b71344ee57e8c6263579dc70fc4e3607,1,210000000000000,82880000,152878,5005981,1743146713,0x231172742817d2793db11a770a0f221808b5662b735be262c7e50b2621c6a852,NewSale
0x529F71B8285ECbabF59359e9284E98AD05e683E7,81239,0xbc2d6E7c81E7f35473b3594031FCC4c519fD24Ad,1,0x64f7c019021ac74a68d90d08491ca43b2a632e71,1,16320000000000000000,82824959,161354,5005982,1743146715,0xad66cd529b065c796bbbc951a516fc2b51a3d9f988241ae56ff848b64c984a12,NewSale
0x87db6Eb4321133A5856Ff9764430d80c0ea8f2Ff,78913,0xbc2d6E7c81E7f35473b3594031FCC4c519fD24Ad,0,0x6e718c7b3f893d5349799c31fd21065205ef9e73,1,2000000,84300575,168750,5006000,1743146751,0x644eec3e8fc1f88278d68c420df53ef82e609ead93d7a6922b4f2bc9f30ce2ab,NewSale
0xE8e93588974cAE8C9298D2c95ec24F7be01BE6e7,81183,0xbc2d6E7c81E7f35473b3594031FCC4c519fD24Ad,1,0x10a1a287b71344ee57e8c6263579dc70fc4e3607,1,249000000000000,84140000,135778,5006000,1743146751,0xc176646a08cb19005cea9ba7909b9b0d81241cfe7188c32926754c85f4dc298f,NewSale
0x529F71B8285ECbabF59359e9284E98AD05e683E7,81239,0xbc2d6E7c81E7f35473b3594031FCC4c519fD24Ad,1,0x64f7c019021ac74a68d90d08491ca43b2a632e71,1,16320000000000000000,83248628,161354,5006002,1743146755,0x43063d6cd553cbe85e3b93236ce32ef5545fb253d466bf2279daba64c2a6db38,NewSale
0xeF0Ef28b882d166B732d00A01Ea762B9CCd3FE44,81158,0xbc2d6E7c81E7f35473b3594031FCC4c519fD24Ad,1,0x6a2bbd4fecdbb018a26bb461c8eac2411aa74da8,1,240000000000000,84253732,159277,5006014,1743146779,0x0d87bfac76e44fcc745d411c43b7e9ce6e2aefc307c6267d4b9f228572b6439a,NewSale
0xa34A6172D83850646B4BE544940314B3f73504Fd,81197,0xbc2d6E7c81E7f35473b3594031FCC4c519fD24Ad,1,0x10a1a287b71344ee57e8c6263579dc70fc4e3607,1,249000000000000,84170000,135778,5006019,1743146789,0x71957d9f57e6f3c1c064aeefd44c5a6d31d67676108bd7324193702c20201221,NewSale
0xeF0Ef28b882d166B732d00A01Ea762B9CCd3FE44,81158,0xbc2d6E7c81E7f35473b3594031FCC4c519fD24Ad,1,0xaa581b78a2e8e249c52f5de6ab5770407fa34261,1,240000000000000,84195946,142177,5006028,1743146807,0xb80d6baced6239c86ea721c5d18b57feb6087d5cbadc809d30c3c9f34471df71,NewSale
0xd73B4d093E3d8be30EB69c7aB0f1EEd9f82AAC01,77886,0xbc2d6E7c81E7f35473b3594031FCC4c519fD24Ad,0,0x1c84632b3e5964b7cd95a083a57d528c0bb1ad0c,1,4500000,84208481,175161,5006038,1743146827,0xf7c60fafea452bb78847f7b42780d989045115c4a0c18629413dfbbd9e486fc8,NewSale
0x3872fb1d0D16B27beBCF27a409F78E6F3630f5Bb,81070,0xbc2d6E7c81E7f35473b3594031FCC4c519fD24Ad,1,0x6e718c7b3f893d5349799c31fd21065205ef9e73,1,4000000,84438192,185838,5006039,1743146829,0xb099a9c85849bd4d69633d8895799a7a24b6504ac64e348a2a031094b464b94e,NewSale
0xF3204d5dC11cc70A3eE42922151A184442befd2d,81188,0xbc2d6E7c81E7f35473b3594031FCC4c519fD24Ad,1,0x10a1a287b71344ee57e8c6263579dc70fc4e3607,1,249900000000000,84320000,135778,5006045,1743146841,0x13904589e11b5e6b1ae5d282be77de3ec77dc8e8e63a4eade742d353818af306,NewSale
0x529F71B8285ECbabF59359e9284E98AD05e683E7,81239,0xbc2d6E7c81E7f35473b3594031FCC4c519fD24Ad,1,0x64f7c019021ac74a68d90d08491ca43b2a632e71,1,16320000000000000000,82695057,161354,5006052,1743146855,0xf543a077db003f55a6e7d3e4c5a753e73e295af7c91afa82b39d24b79b873524,NewSale
0xeF0Ef28b882d166B732d00A01Ea762B9CCd3FE44,81158,0xbc2d6E7c81E7f35473b3594031FCC4c519fD24Ad,1,0x6a2bbd4fecdbb018a26bb461c8eac2411aa74da8,1,240000000000000,83293386,142177,5006071,1743146893,0xf19a111b0db9f995c2c4c22bb44bd1ec4f71a9c55fd10a4b898bfa7c5dbf9213,NewSale
0x529F71B8285ECbabF59359e9284E98AD05e683E7,81239,0xbc2d6E7c81E7f35473b3594031FCC4c519fD24Ad,1,0x64f7c019021ac74a68d90d08491ca43b2a632e71,1,16320000000000000000,82299412,161354,5006072,1743146895,0x393fdfda8d6660277a064091af57c16b8e508fc56a6a79da2783a1bc6124e000,NewSale
0x529F71B8285ECbabF59359e9284E98AD05e683E7,81239,0xbc2d6E7c81E7f35473b3594031FCC4c519fD24Ad,1,0x64f7c019021ac74a68d90d08491ca43b2a632e71,1,16320000000000000000,82746171,161354,5006092,1743146935,0x5665b45187dca30ec83297128669b9ba004fd53bf3a493bd45a97b865644f875,NewSale
0xeF0Ef28b882d166B732d00A01Ea762B9CCd3FE44,81158,0xbc2d6E7c81E7f35473b3594031FCC4c519fD24Ad,1,0xa50502281b70a5e7a087e1af6c8e695dabb3fd26,1,240000000000000,83340000,159277,5006099,1743146949,0x5cc091ca2a65baf2ff69f59c0ccce1704a692ab1f0fd3944658ed71d276134da,NewSale
0x8A6b5Ba8b983d2d5aB68442c7237FFD53E32A1CC,81193,0xbc2d6E7c81E7f35473b3594031FCC4c519fD24Ad,1,0xfe9797474780c759d3ad1cad3e8cb798a161c944,1,249000000000000,83340000,152878,5006099,1743146949,0x4b37c3e813962060094d6435496acaf4015fd28807ef11aa42aa822f6c778500,NewSale
0xC0DEc165A5d6e6766Fbc35c977f89535899D0411,77659,0xbc2d6E7c81E7f35473b3594031FCC4c519fD24Ad,0,0xd3a6b9649693796f4254e56c3c3b4b33a8f711d2,1,249999980000000,83340000,142177,5006100,1743146951,0x6ed209a8946d28c30175614c50ad15926edbf2c29f23368a18516fdfe12186f9,NewSale
0x10a1a287B71344eE57e8C6263579dc70fC4e3607,81251,0xbc2d6E7c81E7f35473b3594031FCC4c519fD24Ad,0,0xf084531a7801a1cc3847a4f6b75ebe164b5fa8a0,1,220000000000000,83340000,140578,5006101,1743146953,0xbe1ccc19375e663aa1b1d8254975be2e4b85899d61f9074d24262d993b04275b,NewSale
0x10a1a287B71344eE57e8C6263579dc70fC4e3607,81248,0xbc2d6E7c81E7f35473b3594031FCC4c519fD24Ad,0,0x265da936c88dc7da7e89d6e4e913c04a1dc67b9b,1,220000000000000,83500000,140578,5006105,1743146961,0x6cff300c52737640b9c759827b472d3ae35d0d1998bff17098caccf1a4e11cc8,NewSale
0x0B89882A67E92DEa3D658e18c553a5F2A088dC9D,81253,0xbc2d6E7c81E7f35473b3594031FCC4c519fD24Ad,0,0x6a2bbd4fecdbb018a26bb461c8eac2411aa74da8,1,200000000000000,83634453,140578,5006109,1743146969,0xbf87badbd45b6471a8a8f6a20fe72f2b67950d523bc4889edc5474e6087f5346,NewSale
0x529F71B8285ECbabF59359e9284E98AD05e683E7,81239,0xbc2d6E7c81E7f35473b3594031FCC4c519fD24Ad,1,0x64f7c019021ac74a68d90d08491ca43b2a632e71,1,16320000000000000000,83259561,161354,5006113,1743146977,0x25c8b91073c32117bc74e50dc72f5a756ac71610a9f93dded52297a6a57d36b0,NewSale
0x87db6Eb4321133A5856Ff9764430d80c0ea8f2Ff,78982,0xbc2d6E7c81E7f35473b3594031FCC4c519fD24Ad,1,0x1c84632b3e5964b7cd95a083a57d528c0bb1ad0c,1,5000000,84293972,185850,5006124,1743146999,0x4bae413a0924c7cb7fff8d419e230dd2f1eb70d1c6fcc352976f5e5448a328d7,NewSale
0xeF0Ef28b882d166B732d00A01Ea762B9CCd3FE44,81158,0xbc2d6E7c81E7f35473b3594031FCC4c519fD24Ad,1,0xaa581b78a2e8e249c52f5de6ab5770407fa34261,1,240000000000000,88993876,142177,5006131,1743147013,0xf085d15930afa10410991cc74ed293e89e483526beaeb1a9322fa36841ae7880,NewSale
0x82E34b7c37C7C651D15aBC2672B3551f8E08e98C,81246,0xbc2d6E7c81E7f35473b3594031FCC4c519fD24Ad,1,0xfe9797474780c759d3ad1cad3e8cb798a161c944,1,249900000000000,156590000,135778,5006136,1743147023,0xc1f27f6822e3eab06abc782e50205ef104fa833ffcefa38529cd0c25acd8e328,NewSale
0xC0DEc165A5d6e6766Fbc35c977f89535899D0411,77662,0xbc2d6E7c81E7f35473b3594031FCC4c519fD24Ad,0,0x265da936c88dc7da7e89d6e4e913c04a1dc67b9b,1,249999960000000,156590000,142189,5006139,1743147029,0xe2f876213a1713793a8b976e2a4bc48d8a0db1c1ae56ed0e91dc04aec6ee325a,NewSale
0xC0DEc165A5d6e6766Fbc35c977f89535899D0411,77662,0xbc2d6E7c81E7f35473b3594031FCC4c519fD24Ad,0,0xd3a6b9649693796f4254e56c3c3b4b33a8f711d2,1,249999960000000,156590000,142189,5006140,1743147031,0x93fd48f4586929720afff22dadaba2eae8e8ea2f95b4cb7e1105d9fad2cc8ee5,NewSale
0xC0DEc165A5d6e6766Fbc35c977f89535899D0411,77659,0xbc2d6E7c81E7f35473b3594031FCC4c519fD24Ad,0,0xa50502281b70a5e7a087e1af6c8e695dabb3fd26,1,249999980000000,156590000,142177,5006143,1743147037,0x72bc2b984e44f202e5c1864e1425a0fc73440a1bbca6fe0b4a87627023db6b50,NewSale
0x0B89882A67E92DEa3D658e18c553a5F2A088dC9D,81257,0xbc2d6E7c81E7f35473b3594031FCC4c519fD24Ad,0,0x6a2bbd4fecdbb018a26bb461c8eac2411aa74da8,1,200000000000000,153613611,140578,5006160,1743147071,0xf33fa512e9df3fb18e931c6e5ea84262fb12ef3a44ec21e3cff2b3f2fae7fe58,NewSale
0x0B89882A67E92DEa3D658e18c553a5F2A088dC9D,81263,0xbc2d6E7c81E7f35473b3594031FCC4c519fD24Ad,0,0x6a2bbd4fecdbb018a26bb461c8eac2411aa74da8,1,200000000000000,153969243,140578,5006203,1743147157,0x353813f406dd750ae28dee921f10c9d2164df923b8137075b9d39d5c5804f36f,NewSale
0x0B89882A67E92DEa3D658e18c553a5F2A088dC9D,81260,0xbc2d6E7c81E7f35473b3594031FCC4c519fD24Ad,0,0x265da936c88dc7da7e89d6e4e913c04a1dc67b9b,1,200000000000000,151320000,140578,5006210,1743147171,0x7c02125b8953f6331f5522926c05e7186dc63e545d6ae14712576c220cfa01dd,NewSale
0x0B89882A67E92DEa3D658e18c553a5F2A088dC9D,81269,0xbc2d6E7c81E7f35473b3594031FCC4c519fD24Ad,0,0xfe9797474780c759d3ad1cad3e8cb798a161c944,1,200000000000000,151320000,135778,5006210,1743147171,0x57d680e992bde5305f8683cfee1b985b3dd52279ca425ada56fa4763954a9999,NewSale
0xeF0Ef28b882d166B732d00A01Ea762B9CCd3FE44,81158,0xbc2d6E7c81E7f35473b3594031FCC4c519fD24Ad,1,0xd3a6b9649693796f4254e56c3c3b4b33a8f711d2,1,240000000000000,151320000,152866,5006210,1743147171,0xcfde8955c383488ffd21933a39ca06fe19992aa75774ceaf1fc6ce410ca2f71a,NewSale
0xC0DEc165A5d6e6766Fbc35c977f89535899D0411,77662,0xbc2d6E7c81E7f35473b3594031FCC4c519fD24Ad,0,0xf084531a7801a1cc3847a4f6b75ebe164b5fa8a0,1,249999960000000,151320000,142189,5006220,1743147191,0x58b83f2bcb7a24eeab11fff63e3f46d701fa74feb653b3c2f585c0da9cc47acf,NewSale
0xEc1dB799A7F79BBDC7418a7063af57fedC7c5b7e,81185,0xbc2d6E7c81E7f35473b3594031FCC4c519fD24Ad,0,0xfe9797474780c759d3ad1cad3e8cb798a161c944,1,250000000000000,154130000,140578,5006241,1743147233,0x458958b2e693bdd953fb67dd8dde20383b760ff94684e5177a4617b6fd6e96df,NewSale
0x5f64e6aE87C8A35d57f045129F1c90b2aad4d9A6,81195,0xbc2d6E7c81E7f35473b3594031FCC4c519fD24Ad,0,0xd3a6b9649693796f4254e56c3c3b4b33a8f711d2,1,250000000000000,154130000,140578,5006241,1743147233,0xbcf4672e2abc6da32f2df6b5932f11e61a30068312debe225dbab93c63ac26e5,NewSale
0xC0DEc165A5d6e6766Fbc35c977f89535899D0411,77662,0xbc2d6E7c81E7f35473b3594031FCC4c519fD24Ad,0,0xa50502281b70a5e7a087e1af6c8e695dabb3fd26,1,249999960000000,154130000,142189,5006242,1743147235,0x81437a366f4ae698f22d3fdefb4f63a68fcc4552e0d339968592f55fd6f84172,NewSale
0x3f814dC225B278a2D480d9d28d53FD5f44e23123,81099,0xbc2d6E7c81E7f35473b3594031FCC4c519fD24Ad,1,0xf084531a7801a1cc3847a4f6b75ebe164b5fa8a0,1,250000000000000,154130000,157678,5006244,1743147239,0xa723962d55690dc7636884038c59e6e37250601212d380516c025eeca58d326c,NewSale
0xC0DEc165A5d6e6766Fbc35c977f89535899D0411,77663,0xbc2d6E7c81E7f35473b3594031FCC4c519fD24Ad,0,0x265da936c88dc7da7e89d6e4e913c04a1dc67b9b,1,249999950000000,154130000,142201,5006245,1743147241,0x3adbd694afe66994e7d48421e9dfdeb736c4a9e997d0b3b704b6fd3a98bf5fa5,NewSale
0xEc1dB799A7F79BBDC7418a7063af57fedC7c5b7e,81247,0xbc2d6E7c81E7f35473b3594031FCC4c519fD24Ad,0,0x770f4a1fe902a6c43392683468e0c1c71e12d00c,1,250000000000000,146146397,157678,5006254,1743147259,0x2730edd9062e31d94ccd55cd32ea841d96d1c3936f465326660c9c60ceba2ecf,NewSale
0xC0DEc165A5d6e6766Fbc35c977f89535899D0411,77662,0xbc2d6E7c81E7f35473b3594031FCC4c519fD24Ad,0,0x6e718c7b3f893d5349799c31fd21065205ef9e73,1,249999960000000,137049559,142189,5006336,1743147423,0x931eb1328cdf96fbb3970854edbe54963cd3aaebfe21a8f7edfc0cb0af95089f,NewSale
0x529F71B8285ECbabF59359e9284E98AD05e683E7,81239,0xbc2d6E7c81E7f35473b3594031FCC4c519fD24Ad,1,0x64f7c019021ac74a68d90d08491ca43b2a632e71,1,16320000000000000000,134879332,161354,5006366,1743147483,0x9b47afb41603bcd219d18a271fc834fb3b71ccc3be55c72b7e66cd0e1ca52536,NewSale
0x529F71B8285ECbabF59359e9284E98AD05e683E7,81239,0xbc2d6E7c81E7f35473b3594031FCC4c519fD24Ad,1,0x64f7c019021ac74a68d90d08491ca43b2a632e71,1,16320000000000000000,134741446,161354,5006366,1743147483,0x51cf923503aa009cf165f749e4ea225fb4959dddd0069f1d4f123b1835034439,NewSale
0x529F71B8285ECbabF59359e9284E98AD05e683E7,81239,0xbc2d6E7c81E7f35473b3594031FCC4c519fD24Ad,1,0x64f7c019021ac74a68d90d08491ca43b2a632e71,1,16320000000000000000,134820232,161354,5006366,1743147483,0x2a3bff243e6ce1c7c976acb28de822030e4b65dcd59376aa6730107074f1b360,NewSale
0xF45519712586881a339B447011bFDE260E9cc874,80990,0xbc2d6E7c81E7f35473b3594031FCC4c519fD24Ad,1,0xaa581b78a2e8e249c52f5de6ab5770407fa34261,1,250000000000000,135091946,140578,5006370,1743147491,0x6acfa26391eb714ba0607f35f510a2fb6bbe2af6eca5e29c3a0b470ca22062fe,NewSale
0x529F71B8285ECbabF59359e9284E98AD05e683E7,81239,0xbc2d6E7c81E7f35473b3594031FCC4c519fD24Ad,1,0x64f7c019021ac74a68d90d08491ca43b2a632e71,1,16320000000000000000,134837178,161354,5006389,1743147529,0xde3411633908ed8e2cc51be88a452d3f4a2fff6f548907119b0b5fb8b1ed58bb,NewSale
0xC0DEc165A5d6e6766Fbc35c977f89535899D0411,77663,0xbc2d6E7c81E7f35473b3594031FCC4c519fD24Ad,0,0x6c1666885ef69946b546eb8f0ae3368e943c5a49,1,249999950000000,134856370,159301,5006392,1743147535,0x6bd7df77c3de9df87af476c8f8572cb47b2fe07edba02566b98661c7082e777a,NewSale
0x529F71B8285ECbabF59359e9284E98AD05e683E7,81239,0xbc2d6E7c81E7f35473b3594031FCC4c519fD24Ad,1,0x64f7c019021ac74a68d90d08491ca43b2a632e71,1,16320000000000000000,133588713,154943,5006408,1743147567,0x4465daa35fccf17837f9d888b524fec5b23fde8a08f484f6b60447df0daa0933,NewSale
0xDa75b2f459503238Eb1E7eFA31Dcb8c8fD931236,81241,0xdc0F91C5a4D200FfC21658901c77c0fE1A14d199,0,0xcf55389a4d1050f6a4cd04d58e93a12bfa24c280,1,600000000000000,132736460,162483,5006419,1743147589,0xb8ec89da8297464b1fad23bc5f8555a6124d37e893743d2906e4f1739c217f02,NewSale
0x783239Fe8A45A75DC240c3Fa01134b072f03d763,80549,0x897d1cBBeDC44c8371672e8cA72555b5194D6D86,0,0xd2cfcb0c5dc1701631fd8f70e192479cc17c8f14,1,500000000000000,131780746,167299,5006453,1743147657,0xafa86c7571e73f8bdd17b038369ac8660b5d481a5aa4e6e6da862fb865621122,NewSale
0x265dA936C88DC7Da7E89D6E4e913c04A1Dc67b9b,81284,0xbc2d6E7c81E7f35473b3594031FCC4c519fD24Ad,0,0x86d55a7c9e70ba692b9b9b8460f354034f9ec896,1,270000000000000,131990000,140578,5006468,1743147687,0x46a9d88ebb609422d79404b3eea42cbdc7db84cd32b9d922db8fef6bc631d0b3,NewSale
0x00Bd5363CDaa95BE2f20e93A267312254Ef3d935,80989,0x897d1cBBeDC44c8371672e8cA72555b5194D6D86,0,0xd2cfcb0c5dc1701631fd8f70e192479cc17c8f14,1,500000000000000,131020515,145399,5006469,1743147689,0x3ddbb41f6cd67b3fc5fe49739ad94185698bc2c1aa4614d1646f0da50a2f7463,NewSale
0xA2372a8926e24e755696dB40e4621ef78F39e2bc,81303,0xEB255E4669Da7FeEf1F746a5a778b4e08b65a1A7,0,0xf6df8a6ca227deac07ca3baaa3bdc59ebb30880b,1,300000000000000,131410000,162483,5006477,1743147705,0x50f52790fa78b2eca6f99ac638440236a5301ab968a2cb0e9ee0a6d67b18d925,NewSale
0xC0DEc165A5d6e6766Fbc35c977f89535899D0411,77661,0xbc2d6E7c81E7f35473b3594031FCC4c519fD24Ad,0,0xa03f24da09cb43b03552da2f7b56adcb9f05432b,1,249999970000000,130955826,159301,5006483,1743147717,0x1876d7eb25f04cf4ae6a8b96f4cf672e218eb24f218c43c41f60a6a11e671967,NewSale
0xf084531A7801A1CC3847a4f6B75eBe164b5fa8A0,81280,0xbc2d6E7c81E7f35473b3594031FCC4c519fD24Ad,1,0x86d55a7c9e70ba692b9b9b8460f354034f9ec896,1,270000000000000,130510000,152878,5006523,1743147797,0xc0256796648692e8f71615d1184eea8c5295eda82fe3617c224072c3f25a3d91,NewSale
0xFE9797474780c759D3ad1cAD3e8CB798A161c944,81281,0xbc2d6E7c81E7f35473b3594031FCC4c519fD24Ad,0,0x86d55a7c9e70ba692b9b9b8460f354034f9ec896,1,270000000000000,129650000,140578,5006559,1743147869,0x1efb76a72ad71b11e2a102c57ff138a61fdddf3dd2b97d5c3979342a93fbfc4d,NewSale
0x230bFf75310590b1Ac4B5Fd4fb34A7cee8282Ea9,76024,0x6aD26D68bFf8cAD6bAaeA257832854e58B08150E,6,0xd2cfcb0c5dc1701631fd8f70e192479cc17c8f14,1,600000000000000,128601978,164783,5006564,1743147879,0x7df1be5316112192e6786df3de374d9ec4cd46053e7d514c868330b63fa1d8b5,NewSale
0xF03996FBe4f14695b93f27c769e5291A682EE298,81279,0xbc2d6E7c81E7f35473b3594031FCC4c519fD24Ad,1,0x7173808e042206f21a77f0db741e23aba42782c6,1,200000000000000,125741239,135778,5006588,1743147927,0xad3a059bf0fe48b068100d95ee52ef7f5b56710905a3859dd2a8ab4a112dd545,NewSale
0x8Ff026857D5361a96C8582d2895C6b5614847dED,81278,0xbc2d6E7c81E7f35473b3594031FCC4c519fD24Ad,1,0x86d55a7c9e70ba692b9b9b8460f354034f9ec896,1,249900000000000,126960000,135778,5006593,1743147937,0x4d9323cf768dcad4625d5b6994f6bac28d3ddd042cf5e2c34454b40e7d87f5a4,NewSale
0xf6df8a6CA227DEAc07CA3BaaA3BDC59Ebb30880b,81319,0xEB255E4669Da7FeEf1F746a5a778b4e08b65a1A7,0,0x115cb14afca2f78e1f4848c056f01f1e891a21e4,1,300000000000000,125900000,162483,5006602,1743147955,0x35195eb45f390aa2a8d7b7766571efc3acc19690700276b1f9b556154d3b14f1,NewSale
0xA50502281B70a5E7A087e1Af6c8e695dABb3Fd26,81282,0xbc2d6E7c81E7f35473b3594031FCC4c519fD24Ad,0,0x86d55a7c9e70ba692b9b9b8460f354034f9ec896,1,270000000000000,123570000,140578,5006637,1743148025,0xb7e4763b2df7f9221d0cf30bc5a7d61cc1c90ef0c19e67eb8105dbe1fbb56372,NewSale
0xFab82eA914bfB16941afE7475d4F9b924c52C5bF,81295,0xbc2d6E7c81E7f35473b3594031FCC4c519fD24Ad,1,0xcf3dc1e9cb9f18ce71405265f7286e234add08f1,1,249900000000000,120964628,135778,5006657,1743148065,0x10190c394d8127d1a6aac0a4b20261e32767dea3ddeb12b5f5ca2496fe8b73cf,NewSale
0x115cB14aFca2f78E1f4848c056f01f1e891a21e4,81324,0xEB255E4669Da7FeEf1F746a5a778b4e08b65a1A7,0,0xe6efd4b748af7108386f97114bf3a9d4977d08b5,1,300000000000000,121250000,162483,5006664,1743148079,0x58f5cced98c74b2ca40ebd258bea845427cd8fe41072d6bb654c9e6a58d9b561,NewSale
0xe111f614F321959d39e9959Ac8cc94954fDBbc10,80356,0xF4527A094c80C7eD9039Ed485d1AAb914b074A49,0,0x075784369f9f1cbbef8278c6077f17f0d22174e0,1,450000000000000,120491188,162483,5006674,1743148099,0x0192bee31d14c103fc2a99c58d4cc97f88c212cf9cadbbd54f0500b58c3f8aba,NewSale
0xD3A6b9649693796f4254E56c3c3B4B33A8F711D2,81283,0xbc2d6E7c81E7f35473b3594031FCC4c519fD24Ad,0,0x86d55a7c9e70ba692b9b9b8460f354034f9ec896,1,270000000000000,120120000,140578,5006675,1743148101,0x8efefc1a0904994b1004fa865107477a1e0e26ae5abc32f9c9d9ad2c689a2f87,NewSale
0xC0DEc165A5d6e6766Fbc35c977f89535899D0411,77663,0xbc2d6E7c81E7f35473b3594031FCC4c519fD24Ad,0,0x765868d902a54e9a58ed1b67801ef92cc491e6de,1,249999950000000,120880000,142201,5006697,1743148145,0xb8c6aaf5a2a225b60e7621e447ca534092645fc425a2d32ffb8af90e6ee80ce0,NewSale
0xEc1dB799A7F79BBDC7418a7063af57fedC7c5b7e,81211,0xbc2d6E7c81E7f35473b3594031FCC4c519fD24Ad,0,0xaa581b78a2e8e249c52f5de6ab5770407fa34261,1,250000000000000,121109683,140578,5006709,1743148169,0xde53757af28751583c3dc1f77e105c6fb031132b72250213dacac08bdb7dc600,NewSale
0xC0DEc165A5d6e6766Fbc35c977f89535899D0411,77663,0xbc2d6E7c81E7f35473b3594031FCC4c519fD24Ad,0,0xa162f0899cf79a9db33b164225af8c633275b469,1,249999950000000,119642332,142201,5006719,1743148189,0x8f2e942774794876e447269b0eb65aeecfe01aefc1fa8db0b8bef21a2cd01156,NewSale
0x1917503cfD0A773A0734381c9ee2164EbF35582C,81320,0xbc2d6E7c81E7f35473b3594031FCC4c519fD24Ad,1,0x62b6c0daa3ed8ef81afd0ab2a31f52e0bb3902ca,1,250000000000000,118858646,152878,5006720,1743148191,0x60cf5d626f1e2454430dff49877265f0c77deda01eb0771905f21ccfbf0f5bcd,NewSale
0xE6EFd4b748Af7108386f97114Bf3a9D4977D08B5,81330,0xEB255E4669Da7FeEf1F746a5a778b4e08b65a1A7,0,0xf3886263056a9aa11abd547e388688070732a42d,1,300000000000000,118840000,162483,5006731,1743148213,0x758984394c9d5afd2ec6fd4d5cba19d74e4515e86ad3c713891c74f4221008bc,NewSale
0xC0DEc165A5d6e6766Fbc35c977f89535899D0411,77659,0xbc2d6E7c81E7f35473b3594031FCC4c519fD24Ad,0,0xcf3dc1e9cb9f18ce71405265f7286e234add08f1,1,249999980000000,117925711,142177,5006735,1743148221,0xdfc37f8edef5a9245168eb5005e6362c612ed8896b0d151c736523b951ad53be,NewSale
0xC0DEc165A5d6e6766Fbc35c977f89535899D0411,77663,0xbc2d6E7c81E7f35473b3594031FCC4c519fD24Ad,0,0x86e17ea9debca8c8f7a5b4009f9c37fe8d97f323,1,249999950000000,117467195,142189,5006743,1743148237,0x7bb9f2ff4f6e7b883889a7ef1833fba5edaaa3f6cec2592380fd45176ac31f4c,NewSale
0xf075052a7265fEB14f36002c9FDc22AA395Ae66d,81083,0xbc2d6E7c81E7f35473b3594031FCC4c519fD24Ad,0,0xe16fe3ac4c3082768806bd3338ef77a334388919,1,250000000000000,116979476,140578,5006749,1743148249,0x3a9a4dc135dc3e6d959806c3849b55f304f56c89ac272ad91fcbf6b2c4694641,NewSale
0x954355Ff52AceB6583a859435DbB17De993c59CC,81328,0xdc0F91C5a4D200FfC21658901c77c0fE1A14d199,0,0x86d55a7c9e70ba692b9b9b8460f354034f9ec896,1,412000000000000,115690000,150183,5006770,1743148291,0x33dd20ac6bac8c70a52bc1229cf4cc943ab1ff718509fd41a37f3e0daa29df4c,NewSale
0xF45519712586881a339B447011bFDE260E9cc874,80998,0xbc2d6E7c81E7f35473b3594031FCC4c519fD24Ad,1,0xe16fe3ac4c3082768806bd3338ef77a334388919,1,250000000000000,115941601,135778,5006773,1743148297,0xbfb0c1c26869358977b74722f2898b59d5a57abb1a71d3a4b3424f42e412e1d3,NewSale
0xFE9797474780c759D3ad1cAD3e8CB798A161c944,81312,0xbc2d6E7c81E7f35473b3594031FCC4c519fD24Ad,1,0xa0065b682bd96304e941679b825c40cb8d0909c2,1,270000000000000,115330000,140578,5006775,1743148301,0xf1634fd6c960b0e7b3f58f11aa2916a674e396c7cc4b6dcb634bbc49e959450d,NewSale
0xC0DEc165A5d6e6766Fbc35c977f89535899D0411,77661,0xbc2d6E7c81E7f35473b3594031FCC4c519fD24Ad,0,0x765868d902a54e9a58ed1b67801ef92cc491e6de,1,249999970000000,115330000,142201,5006776,1743148303,0xc0521fa3c4eab16e306548f737810b866efc27ffa6dc1f173af72cff802cb24f,NewSale
0x4C0794d251F2738d9621C1e511432Fc560342ee7,81332,0xbc2d6E7c81E7f35473b3594031FCC4c519fD24Ad,1,0x86d55a7c9e70ba692b9b9b8460f354034f9ec896,1,250000000000000,114230000,135778,5006811,1743148373,0xe3db722e0e36bf8f3c94254e1095be778512618aa2543a961999ca3dd071582d,NewSale
0xC0DEc165A5d6e6766Fbc35c977f89535899D0411,77662,0xbc2d6E7c81E7f35473b3594031FCC4c519fD24Ad,0,0xcf3dc1e9cb9f18ce71405265f7286e234add08f1,1,249999960000000,114563476,142189,5006817,1743148385,0x912551c0ae4cc3fd0d92e94f92ed6f9b2a8f1bbc963c33817b60f88752739a72,NewSale
0xF3886263056a9aA11Abd547e388688070732A42D,81334,0xEB255E4669Da7FeEf1F746a5a778b4e08b65a1A7,0,0xa2372a8926e24e755696db40e4621ef78f39e2bc,1,300000000000000,114740000,162483,5006819,1743148389,0xa16aae3e70eec38f0c64798f9bd7f700e3c457c6109209724719f9bc211cdd8d,NewSale
0x90aE9d6Cd44CD56FFB397517C4378026f051981d,81326,0xbc2d6E7c81E7f35473b3594031FCC4c519fD24Ad,1,0xf03996fbe4f14695b93f27c769e5291a682ee298,1,250000000000000,114140261,152878,5006825,1743148401,0x32330f82071b18691ae177a75fcc13a7f2541fdf5d713ed47335eea5336ef960,NewSale
0x954355Ff52AceB6583a859435DbB17De993c59CC,81317,0xdc0F91C5a4D200FfC21658901c77c0fE1A14d199,0,0x9c20ed8ecda9ee63b80b89af7d5ac9fd8644985f,1,400000000000000,114620000,167271,5006846,1743148443,0x6793849f56ae8cda3863ef8525f87c601c99edc78649592d3959c6d13710845e,NewSale
0xC0DEc165A5d6e6766Fbc35c977f89535899D0411,77662,0xbc2d6E7c81E7f35473b3594031FCC4c519fD24Ad,0,0x86e17ea9debca8c8f7a5b4009f9c37fe8d97f323,1,249999960000000,114131856,142177,5006849,1743148449,0x1651ac60d2ee0ca816e8180ac3e2af16b3d9aa1035da6e81a53194326327ac1a,NewSale
0xC0DEc165A5d6e6766Fbc35c977f89535899D0411,77663,0xbc2d6E7c81E7f35473b3594031FCC4c519fD24Ad,0,0x5e2f9d9759410b71cb684861617d3d2af23375c1,1,249999950000000,113901807,142201,5006860,1743148471,0x2e3afcc93ac51ed9b87c56b822857b3965d668400e42972ea029af20a503cf9c,NewSale
0xEc1dB799A7F79BBDC7418a7063af57fedC7c5b7e,81196,0xbc2d6E7c81E7f35473b3594031FCC4c519fD24Ad,0,0xaa581b78a2e8e249c52f5de6ab5770407fa34261,1,250000000000000,113009715,140578,5006866,1743148483,0xdcb1d442af6a808b2eb5014d83f02a4248dceeda14427bc85f813e55a4cbb354,NewSale
0xAb4aC8B29466Ee42906a32C6bCb73720e93BE585,80958,0xbc2d6E7c81E7f35473b3594031FCC4c519fD24Ad,0,0xcf3dc1e9cb9f18ce71405265f7286e234add08f1,1,250000000000000,112563660,140578,5006870,1743148491,0x6eaa3cbb1cc7934f696101df409179db6a921c9afd1a78fed62709506203885d,NewSale
0xC0DEc165A5d6e6766Fbc35c977f89535899D0411,77663,0xbc2d6E7c81E7f35473b3594031FCC4c519fD24Ad,0,0xd2b82978e4b71681508704ebc06d8615a064ed90,1,249999950000000,112405529,142201,5006875,1743148501,0x13ed4c06e8b4b1adf20a302c1146c089bdbbd348269f6ea5b704682d14dd2d62,NewSale
0xA2372a8926e24e755696dB40e4621ef78F39e2bc,81337,0xEB255E4669Da7FeEf1F746a5a778b4e08b65a1A7,0,0xf6df8a6ca227deac07ca3baaa3bdc59ebb30880b,1,300000000000000,112910000,162483,5006882,1743148515,0xc729167176f25007c08ea34fff1693919f608d5edc54bcb5349a2a50a5408ca0,NewSale
0xC0DEc165A5d6e6766Fbc35c977f89535899D0411,77663,0xbc2d6E7c81E7f35473b3594031FCC4c519fD24Ad,0,0x5e2f9d9759410b71cb684861617d3d2af23375c1,1,249999950000000,111293430,142201,5006893,1743148537,0xd42f08e1a742a81eb727ecd32edd35ea141b0c983bf00420179996627a8ea7f2,NewSale
0x66c197D75Db44734D595DE713D6eC300d82f8363,81338,0x897d1cBBeDC44c8371672e8cA72555b5194D6D86,0,0x62b6c0daa3ed8ef81afd0ab2a31f52e0bb3902ca,1,10000000000000,110170525,162487,5006901,1743148553,0xf4b65431db8c08a738ea6d7001e45aab842f60ff40dc565b8fea5d48f69c4011,NewSale
0xf6df8a6CA227DEAc07CA3BaaA3BDC59Ebb30880b,81342,0xEB255E4669Da7FeEf1F746a5a778b4e08b65a1A7,0,0x115cb14afca2f78e1f4848c056f01f1e891a21e4,1,300000000000000,110030000,162483,5006937,1743148625,0x7d46b1c31d2f452b7604d9d8e32f0a0b7229c0571aa9f2c4611c3d2efd440ae7,NewSale
0xC0DEc165A5d6e6766Fbc35c977f89535899D0411,77659,0xbc2d6E7c81E7f35473b3594031FCC4c519fD24Ad,0,0xcf3dc1e9cb9f18ce71405265f7286e234add08f1,1,249999980000000,109656107,142177,5006940,1743148631,0x7b6a8ae7705f699c2f1fc7459d34ff31e13e8e9e6c25cd5320c5f0d55b19a98f,NewSale
0xC0DEc165A5d6e6766Fbc35c977f89535899D0411,77663,0xbc2d6E7c81E7f35473b3594031FCC4c519fD24Ad,0,0x5e2f9d9759410b71cb684861617d3d2af23375c1,1,249999950000000,108772395,142201,5006948,1743148647,0x6bec4810eb0aa5637f0e1ce393e607e5f938168c6ac33f46f482a92bc452a037,NewSale
0xC0DEc165A5d6e6766Fbc35c977f89535899D0411,77659,0xbc2d6E7c81E7f35473b3594031FCC4c519fD24Ad,0,0xd2b82978e4b71681508704ebc06d8615a064ed90,1,249999980000000,108383243,142177,5006955,1743148661,0x03d1be691c6532a7f41f178c7e796dbe8932cf4da69885efbc1a4ba58c67e8b1,NewSale
0xef4350C8fb5bdff8E633aa03FF1D47589E39c23F,81343,0xbc2d6E7c81E7f35473b3594031FCC4c519fD24Ad,1,0x62b6c0daa3ed8ef81afd0ab2a31f52e0bb3902ca,1,250000000000000,105762741,135778,5006981,1743148713,0xcdbe42f0731ee60d635c165365bcc8bb8f3ea78421a9db904f064c63c47381c0,NewSale
0xEc1dB799A7F79BBDC7418a7063af57fedC7c5b7e,81237,0xbc2d6E7c81E7f35473b3594031FCC4c519fD24Ad,0,0x8c1087da2d760b1affc5107accf70d19218d07df,1,250000000000000,106352247,140578,5006997,1743148745,0x46c9aeac47e0dc04ce06d4513b7c85bdf7dfcb6727cf1c93339db894f5fab7ad,NewSale
0xd49643962b1BcCA80496694E8A07c56F6E81D265,81339,0xbc2d6E7c81E7f35473b3594031FCC4c519fD24Ad,1,0x62b6c0daa3ed8ef81afd0ab2a31f52e0bb3902ca,1,250000000000000,104946136,135778,5007007,1743148765,0xeced02b7c3683d7c1e0de40bb2833b783f0a82d5e7db6cb1ea93812e520e751f,NewSale
0x115cB14aFca2f78E1f4848c056f01f1e891a21e4,81344,0xEB255E4669Da7FeEf1F746a5a778b4e08b65a1A7,0,0xe6efd4b748af7108386f97114bf3a9d4977d08b5,1,300000000000000,106410000,162483,5007008,1743148767,0x53280ee82175671f976850f3323ed00178a68a3b1533e77d6fb2a842a9ffb9fe,NewSale
0xC0DEc165A5d6e6766Fbc35c977f89535899D0411,77662,0xbc2d6E7c81E7f35473b3594031FCC4c519fD24Ad,0,0x8c1087da2d760b1affc5107accf70d19218d07df,1,249999960000000,105918061,142189,5007024,1743148799,0x2dc87e53589e485d090986cb36e17efb395fdbbd53b52093d5aceb96d931ca1e,NewSale
0xC0DEc165A5d6e6766Fbc35c977f89535899D0411,77663,0xbc2d6E7c81E7f35473b3594031FCC4c519fD24Ad,0,0x5e2f9d9759410b71cb684861617d3d2af23375c1,1,249999950000000,106178423,142201,5007031,1743148813,0x910de25c796b80c35df2d94ede9646de83ae14d1a83c8c9f2e82fb6e1c7e0e86,NewSale
0xf075052a7265fEB14f36002c9FDc22AA395Ae66d,81090,0xbc2d6E7c81E7f35473b3594031FCC4c519fD24Ad,0,0xd2b82978e4b71681508704ebc06d8615a064ed90,1,250000000000000,106563960,140578,5007041,1743148833,0x040e474531e42f5d27d0990564e3741d5ffbbf20101711bf7cff6b40352fb3c0,NewSale
0xC0DEc165A5d6e6766Fbc35c977f89535899D0411,77661,0xbc2d6E7c81E7f35473b3594031FCC4c519fD24Ad,0,0x8c1087da2d760b1affc5107accf70d19218d07df,1,249999970000000,107075734,142201,5007053,1743148857,0x36ba0b796ba5530d02c7643634d421380f582ca842ecc45b571f4ba87d2fdd6e,NewSale
0xE6EFd4b748Af7108386f97114Bf3a9D4977D08B5,81345,0xEB255E4669Da7FeEf1F746a5a778b4e08b65a1A7,0,0xf3886263056a9aa11abd547e388688070732a42d,1,300000000000000,107300000,162483,5007067,1743148885,0x1ae85630eca46fba8d31fb33f98bb97e062c2b64edc5f8ab4eade07a7801285d,NewSale
0xcfC565963955C96B13a78D8Ae8D3d4fBE915143C,81346,0xbc2d6E7c81E7f35473b3594031FCC4c519fD24Ad,1,0x62b6c0daa3ed8ef81afd0ab2a31f52e0bb3902ca,1,250000000000000,106445163,135778,5007067,1743148885,0x0eb43f915ebdea5aa81d840047fbb1eb8194ac400c08f6cc7c6c878ac3cb037f,NewSale
0xa521Fc1F143C50edd4Cd0b41813Ed0660Ab4e62c,81333,0xbc2d6E7c81E7f35473b3594031FCC4c519fD24Ad,1,0xd2b82978e4b71681508704ebc06d8615a064ed90,1,250000000000000,106988135,152878,5007076,1743148903,0x985b72b97a8dfadb989b876c6d8fb016f8ef5019504ee5aff9d3352e1d3ae81e,NewSale
0xC0DEc165A5d6e6766Fbc35c977f89535899D0411,77663,0xbc2d6E7c81E7f35473b3594031FCC4c519fD24Ad,0,0x66c197d75db44734d595de713d6ec300d82f8363,1,249999950000000,106900000,142189,5007083,1743148917,0x996bc478f6a419c5f33f0c65bdaa8a1d8f85b5c773740fc34fa84c84cb4be9cf,NewSale
0xC0DEc165A5d6e6766Fbc35c977f89535899D0411,77661,0xbc2d6E7c81E7f35473b3594031FCC4c519fD24Ad,0,0x8c1087da2d760b1affc5107accf70d19218d07df,1,249999970000000,105747805,142201,5007094,1743148939,0xd2afc482bb73d3b0ba4be3659875609cc9518b682be28649b90c88de0677c2d0,NewSale
0xe111f614F321959d39e9959Ac8cc94954fDBbc10,80353,0xFC000E355ea1dC4A8B8e40B7A09d1fFf82596D7b,0,0xd2cfcb0c5dc1701631fd8f70e192479cc17c8f14,1,400000000000000,105614609,152862,5007105,1743148961,0x2856c106cf3d14cfb8e30742f70ca45948f4cfac6f4e40b51e39c59683fc1f9e,NewSale
0xF03996FBe4f14695b93f27c769e5291A682EE298,81341,0xbc2d6E7c81E7f35473b3594031FCC4c519fD24Ad,1,0x62b6c0daa3ed8ef81afd0ab2a31f52e0bb3902ca,1,250000000000000,104754954,135778,5007108,1743148967,0x3eca44010cf191be04bbe0fa8a07728fa0d6db978ae2eae8154a28e255b2c46f,NewSale
0x93144baa2de8D8F40Ec48C300F203984f65643a5,80904,0xbc2d6E7c81E7f35473b3594031FCC4c519fD24Ad,0,0x8c1087da2d760b1affc5107accf70d19218d07df,1,250000000000000,105391284,135778,5007118,1743148987,0x3649d5fdfd16fef0f27c2c83a6844a022b1b51c852d3f345c4fbe2cc2242cf78,NewSale
0x954355Ff52AceB6583a859435DbB17De993c59CC,81331,0xdc0F91C5a4D200FfC21658901c77c0fE1A14d199,0,0x66c197d75db44734d595de713d6ec300d82f8363,1,400000000000000,105690000,150159,5007123,1743148997,0x05199bfa92b9573255c89fe3f3b869ed604c9e5f9803926df4cfd58362d1b46d,NewSale
0x42Acb6b757F3498257928d1e47457dFaC5e9D5C9,81348,0xbc2d6E7c81E7f35473b3594031FCC4c519fD24Ad,1,0x62b6c0daa3ed8ef81afd0ab2a31f52e0bb3902ca,1,250000000000000,105503834,135778,5007143,1743149037,0x8b45ae9e2e642258589d33b3aff1a839f73f77a80d2c283a281e2702f29423f8,NewSale
0xb9Ea4B9a98508A186112CB7E9728B17f0Fc89388,81335,0xbc2d6E7c81E7f35473b3594031FCC4c519fD24Ad,1,0x62b6c0daa3ed8ef81afd0ab2a31f52e0bb3902ca,1,250000000000000,105125592,135778,5007162,1743149075,0xe54fd0496c6e0993e6f1d0c7d461e48327a9952742f96e3404ef544e4ab60424,NewSale
0xC0DEc165A5d6e6766Fbc35c977f89535899D0411,77659,0xbc2d6E7c81E7f35473b3594031FCC4c519fD24Ad,0,0x89fc3532b6b93b4cbfa9180d77591d71028991ee,1,249999980000000,106885654,142177,5007181,1743149113,0xdc9c1109dfffe5bd3f9ee43888c6579e71fa6246f835255f52525de1b8d33218,NewSale
0x41f07238C5096Eb7eb68c50FE8AE5AdDECBBF5C2,80651,0xbFCACb23F0B41EeEDFf7d04f52CE8f5125150806,9,0xcc6c7eade3c00b8f1d5ee0e888fe95d039ed800b,1,500000000000000,105631476,164783,5007203,1743149157,0xddaf94139372d164cc0f824298552d89ca4df984a61fe6241ae429f98703d255,NewSale
0x5265cB5D393c30C1deEAFfC72F60740d4538a5b0,81178,0xdc0F91C5a4D200FfC21658901c77c0fE1A14d199,0,0xe73a92b5ceca1291b71716500d47e512f1a7f19d,1,750000000000000,106534452,167283,5007205,1743149161,0xc76beef451f688c62cdde9f7ae7d7bcbee6f30751977e2bce2be5112d153eaa4,NewSale
0xd35f5653DD4F3c2e81573751e09b1170BBab8214,80824,0xbc2d6E7c81E7f35473b3594031FCC4c519fD24Ad,0,0x89fc3532b6b93b4cbfa9180d77591d71028991ee,1,250000000000000,106542242,140578,5007226,1743149203,0x33778c98de52da15667853572fdce7268ad35361cfe2ac44f37cd7f9c29c50b5,NewSale
0xd15C2f6c8665aAEF0dFEa5565054a3B2409a04aa,81316,0xbc2d6E7c81E7f35473b3594031FCC4c519fD24Ad,1,0x62b6c0daa3ed8ef81afd0ab2a31f52e0bb3902ca,1,250000000000000,105473116,135778,5007228,1743149207,0x52db74d2b7fb2b6a16e94d76963b94402b069cd13fffd781dc4587ca326a24c4,NewSale
0x1ac47a59b18d89Dc7a0905A0E576B860cc93EBBB,80932,0x02e21A25F0038fa5BDEe9c0b77aC0c1E84d3d6f0,2178,0xd2cfcb0c5dc1701631fd8f70e192479cc17c8f14,1,500000000000000,106168362,155258,5007232,1743149215,0xb1e8eada5b856bbe08b27704623e69181a40b52202e0bba77951456b9271cf9b,NewSale
0x954355Ff52AceB6583a859435DbB17De993c59CC,81318,0xdc0F91C5a4D200FfC21658901c77c0fE1A14d199,0,0xa0065b682bd96304e941679b825c40cb8d0909c2,1,410000000000000,106430000,167283,5007234,1743149219,0x99433b2e35efff39c6343ab69a991302192628c96ca6e65e679215461fb8e69c,NewSale
0x93144baa2de8D8F40Ec48C300F203984f65643a5,80968,0xbc2d6E7c81E7f35473b3594031FCC4c519fD24Ad,1,0xc82cc9cf1337180289f06c484bbecad8578777e5,1,260000000000000,105571167,152878,5007243,1743149237,0x4d824cfe8b76b082ccce4312bf33ce1f42e40a46614de5e1267abd24213dfd63,NewSale
0x129CefBbb8c67104762e4C3acf84C4aA86Aa19b1,81349,0xbc2d6E7c81E7f35473b3594031FCC4c519fD24Ad,1,0xc5729d9e63909568b0438cd3cf4d3ca9542dda81,1,250000000000000,106377139,152878,5007244,1743149239,0xbc370bc7cd7d85cb402c5a62ba8045a22daefc99cd84af3bd610925e888992c4,NewSale
0x76BE9A174827fB91E6f1E19011d38e08227A6da2,80912,0x02e21A25F0038fa5BDEe9c0b77aC0c1E84d3d6f0,2175,0x66c197d75db44734d595de713d6ec300d82f8363,1,500000000000000,106180000,155246,5007250,1743149251,0xdaa8bdec7b522ce06fb5995ca55977089a988c6549d331ebe350c5979eef36b7,NewSale
0xC0DEc165A5d6e6766Fbc35c977f89535899D0411,74893,0xbc2d6E7c81E7f35473b3594031FCC4c519fD24Ad,0,0x89fc3532b6b93b4cbfa9180d77591d71028991ee,1,249999990000000,106182483,142201,5007263,1743149277,0x41829db0f9abcaf839a696544ed58d2b7c9efb04bd8f32fca4df711f7bbc46a9,NewSale
0x954355Ff52AceB6583a859435DbB17De993c59CC,81321,0xdc0F91C5a4D200FfC21658901c77c0fE1A14d199,0,0x931c78a4cb43a4bd417e2c7aa9f53459ef664478,1,420000000000000,104542437,167283,5007301,1743149353,0x34ef71750d57d0c29e14bd0c5aff87a74f0f7c92cf7d3ddc8472589ad4ff8847,NewSale
0xf075052a7265fEB14f36002c9FDc22AA395Ae66d,81079,0xbc2d6E7c81E7f35473b3594031FCC4c519fD24Ad,0,0x89fc3532b6b93b4cbfa9180d77591d71028991ee,1,250000000000000,105651674,135778,5007311,1743149373,0x2ff47a83902ba55ed2a2e6a861d253ccc406df0e5b603e304296149a31d4cea4,NewSale
0xC0DEc165A5d6e6766Fbc35c977f89535899D0411,77662,0xbc2d6E7c81E7f35473b3594031FCC4c519fD24Ad,0,0x0a3ecc6d389b0c0e09e325c187cd1fe92cae1465,1,249999960000000,105697233,142189,5007337,1743149425,0x8dbdc2615d8f8a3000ae3de46e7c5add7ed84a246050eeb44b74e16851a1d1f4,NewSale
0xAb4aC8B29466Ee42906a32C6bCb73720e93BE585,80954,0xbc2d6E7c81E7f35473b3594031FCC4c519fD24Ad,0,0x89fc3532b6b93b4cbfa9180d77591d71028991ee,1,250000000000000,105711053,135778,5007358,1743149467,0x5e382c6d250277528cfc23d9b38ea60e028bcf262c93d1af2a3b4b9beff88aae,NewSale
0xc667B79585c30F718FD733063b50f34E8a88BfA3,81355,0xbc2d6E7c81E7f35473b3594031FCC4c519fD24Ad,1,0x64f7c019021ac74a68d90d08491ca43b2a632e71,1,150000000000000,104845162,172031,5007367,1743149485,0x45b3b52fae55a939280a56fc44167e397f86b92fa1b086effc5f80f657a2ae52,NewSale
0xC0DEc165A5d6e6766Fbc35c977f89535899D0411,77662,0xbc2d6E7c81E7f35473b3594031FCC4c519fD24Ad,0,0x0a3ecc6d389b0c0e09e325c187cd1fe92cae1465,1,249999960000000,105751374,142189,5007369,1743149489,0x826790912fa591af95e8affe4501f6cd0939b04ec3e873c80049b319917bdd08,NewSale
0xC0DEc165A5d6e6766Fbc35c977f89535899D0411,77663,0xbc2d6E7c81E7f35473b3594031FCC4c519fD24Ad,0,0x27fc92bc451d611ab467cfe8ec9a83c44ac447b5,1,249999950000000,105016907,159301,5007371,1743149493,0x56742df55056eb1d385fa06ab70c9cc755119b188a1d91d7d377d05e8972f870,NewSale
0xC0DEc165A5d6e6766Fbc35c977f89535899D0411,77663,0xbc2d6E7c81E7f35473b3594031FCC4c519fD24Ad,0,0x092d5282babfe399c9a2e0b454b42234bc9846cb,1,249999950000000,106260128,159301,5007375,1743149501,0xa43a88c57aa3db2b99c48be0dbad7df5a54c415fa9c2ce59b7e3249220529110,NewSale
0x954355Ff52AceB6583a859435DbB17De993c59CC,81323,0xdc0F91C5a4D200FfC21658901c77c0fE1A14d199,0,0x13dda63c28bb95fe9822fea43ad5feaa966636a9,1,410000000000000,106609798,167283,5007377,1743149505,0x186df5b07ade33574d90e27df246400043c95a5c72609811f0e8dad00529bc69,NewSale
0xD3A6b9649693796f4254E56c3c3B4B33A8F711D2,81314,0xbc2d6E7c81E7f35473b3594031FCC4c519fD24Ad,1,0xd8d89b8836de599a4879b97e530e101b6b4df91f,1,270000000000000,107322239,152878,5007389,1743149529,0x1decd65739e0976b52539b0d157a53115c9d57743ffa8c2e0d23707189f77c18,NewSale
0xC0DEc165A5d6e6766Fbc35c977f89535899D0411,77663,0xbc2d6E7c81E7f35473b3594031FCC4c519fD24Ad,0,0x092d5282babfe399c9a2e0b454b42234bc9846cb,1,249999950000000,107237875,142201,5007392,1743149535,0xee4a11a37b78f879bec39cfe504737337c6c4d6ff29d5d3ad266173bc59f8c37,NewSale
0xC0DEc165A5d6e6766Fbc35c977f89535899D0411,77663,0xbc2d6E7c81E7f35473b3594031FCC4c519fD24Ad,0,0x092d5282babfe399c9a2e0b454b42234bc9846cb,1,249999950000000,108082068,142201,5007410,1743149571,0x205139887b0e19009e9abd15dec62925e5b4be2025df1623d27662460abae4e2,NewSale
0xC0DEc165A5d6e6766Fbc35c977f89535899D0411,77662,0xbc2d6E7c81E7f35473b3594031FCC4c519fD24Ad,0,0x807be673bbb0459c45d72cade47e6e41068da7e2,1,249999960000000,108122326,142189,5007430,1743149611,0x86d5bc55045ca82659a3d0b3e3bd86f4dfbe23a9fd9abba33b3a4ec69cad8e9b,NewSale
0xC0DEc165A5d6e6766Fbc35c977f89535899D0411,77661,0xbc2d6E7c81E7f35473b3594031FCC4c519fD24Ad,0,0x66c197d75db44734d595de713d6ec300d82f8363,1,249999970000000,108170000,142189,5007431,1743149613,0x37b6241708e8a94e2e83d3e1e7529328022dccf2b1348aa15ef5c81ff414d25b,NewSale
0xC0DEc165A5d6e6766Fbc35c977f89535899D0411,77663,0xbc2d6E7c81E7f35473b3594031FCC4c519fD24Ad,0,0x092d5282babfe399c9a2e0b454b42234bc9846cb,1,249999950000000,107851716,142201,5007432,1743149615,0x5f0a18b379cfaf88f5876be7327ae41ce7fe011dc0536c27a7ec116855f216cd,NewSale
0x954355Ff52AceB6583a859435DbB17De993c59CC,81322,0xdc0F91C5a4D200FfC21658901c77c0fE1A14d199,0,0xe16fe3ac4c3082768806bd3338ef77a334388919,1,430000000000000,108787934,150183,5007439,1743149629,0x3fe65de22c17946283e465aabfd0baa2764e66f103a8954d9a5e8ef5f2f82217,NewSale
0xC0DEc165A5d6e6766Fbc35c977f89535899D0411,77663,0xbc2d6E7c81E7f35473b3594031FCC4c519fD24Ad,0,0x092d5282babfe399c9a2e0b454b42234bc9846cb,1,249999950000000,108701418,142201,5007448,1743149647,0x80c42b3ab024a20318e367145470db25158585b66c25044f2719c945ddd13f64,NewSale
0x76BE9A174827fB91E6f1E19011d38e08227A6da2,80917,0x02e21A25F0038fa5BDEe9c0b77aC0c1E84d3d6f0,2170,0x075784369f9f1cbbef8278c6077f17f0d22174e0,1,500000000000000,108701991,155258,5007452,1743149655,0x78c8b7c2b779c8605a40eed9f77de61a51ff1128dfd723e89eff26d67ef89358,NewSale
0xe35bAEE9354BB3A16ea0fAA8A3B9F01c1f39BF2E,79702,0x8BC3817d6EF46279ee602793c28a42Eff1fE01b3,0,0x9d22fa70ed3a31f3469cf89d4a5babdfa7fdd596,1,1000000000000000,108370000,168886,5007457,1743149665,0x511a9564dbe13d83a039e990ba5fee6f2e27720aefe516891b77abf8686c42fe,NewSale
0xC0DEc165A5d6e6766Fbc35c977f89535899D0411,77663,0xbc2d6E7c81E7f35473b3594031FCC4c519fD24Ad,0,0x092d5282babfe399c9a2e0b454b42234bc9846cb,1,249999950000000,108427613,142201,5007472,1743149695,0xcd18e062cb70550a29ead4a3783919df19cd750f895fe3f8cb93bd354de12b3a,NewSale
0xF45519712586881a339B447011bFDE260E9cc874,81003,0xbc2d6E7c81E7f35473b3594031FCC4c519fD24Ad,0,0x807be673bbb0459c45d72cade47e6e41068da7e2,1,250000000000000,108689102,135778,5007473,1743149697,0x46207c56819369ba4fd0c32b15672dd54ea49ba636316eba3d2a0cc2c0b3ce9a,NewSale
0xC0DEc165A5d6e6766Fbc35c977f89535899D0411,77663,0xbc2d6E7c81E7f35473b3594031FCC4c519fD24Ad,0,0x092d5282babfe399c9a2e0b454b42234bc9846cb,1,249999950000000,108868397,142201,5007495,1743149741,0xb3c83a7d32fbd2c543c259ca4d3315b520f56c3b1e6bff902204e9de49f4e47e,NewSale
0x66c197D75Db44734D595DE713D6eC300d82f8363,81359,0xbc2d6E7c81E7f35473b3594031FCC4c519fD24Ad,0,0x092d5282babfe399c9a2e0b454b42234bc9846cb,1,100000000000000,108041371,140578,5007513,1743149777,0x2f19b1f856a0926b78c5e12dd8d85ef7e39afa2818c6f8d7ca7359ab3902cb97,NewSale
0x954355Ff52AceB6583a859435DbB17De993c59CC,81325,0xdc0F91C5a4D200FfC21658901c77c0fE1A14d199,0,0x045aa32568a4b86bdcc0752227acd383a43422ce,1,450000000000000,108019149,145383,5007518,1743149787,0x0cd2e94578f809ead12e916698a839b6f8e2d0a07e8e8bf0e73ca7fffe08d011,NewSale
0x1c7C2Ba71cBaA4f167c0A2676726E0334B573f75,81022,0xbc2d6E7c81E7f35473b3594031FCC4c519fD24Ad,0,0x807be673bbb0459c45d72cade47e6e41068da7e2,1,250000000000000,107772804,135778,5007522,1743149795,0x375e906118ddfb1717a577e17aac2065c2735eeb02b5c034b441b12c78638b59,NewSale
0xC0DEc165A5d6e6766Fbc35c977f89535899D0411,77663,0xbc2d6E7c81E7f35473b3594031FCC4c519fD24Ad,0,0x092d5282babfe399c9a2e0b454b42234bc9846cb,1,249999950000000,107520162,142201,5007528,1743149807,0x1f7d449d4d03e3f71f2cc349287f136967ab9bb0a2a9c980f575e5226fa3737d,NewSale
0x66c197D75Db44734D595DE713D6eC300d82f8363,81362,0xbc2d6E7c81E7f35473b3594031FCC4c519fD24Ad,0,0x092d5282babfe399c9a2e0b454b42234bc9846cb,1,110000000000000,107465156,140578,5007544,1743149839,0xebbea95eb7ff95f5fc70c8d6770ef0c69f98ce7c2334462518476b7975615b9f,NewSale
0xC447Fd9b6b80d1Db52CE98F0f027c74F39102F8c,81353,0xbc2d6E7c81E7f35473b3594031FCC4c519fD24Ad,1,0x27fc92bc451d611ab467cfe8ec9a83c44ac447b5,1,250000000000000,106324213,152878,5007546,1743149843,0xa4f3d5df05325bf34a2d384d2e15940db896929285fecefe13e3be142ef917eb,NewSale
0x66c197D75Db44734D595DE713D6eC300d82f8363,81366,0xbc2d6E7c81E7f35473b3594031FCC4c519fD24Ad,0,0x27fc92bc451d611ab467cfe8ec9a83c44ac447b5,1,100000000000000,105230995,140578,5007583,1743149917,0xe46db1748c9c77a4ec1cff2ddb69de52ecedeec0db267c059bb89dfab32c1a9a,NewSale
0xC0DEc165A5d6e6766Fbc35c977f89535899D0411,77661,0xbc2d6E7c81E7f35473b3594031FCC4c519fD24Ad,0,0x807be673bbb0459c45d72cade47e6e41068da7e2,1,249999970000000,106208175,142201,5007590,1743149931,0x4127b392852fd9e306fd6453c9d0c82ba1a1061012fb4aca554d38d6330f9611,NewSale
0xD8cE63094EE560d42F523Aa5e6e400F83c688F9d,81080,0xbc2d6E7c81E7f35473b3594031FCC4c519fD24Ad,0,0x807be673bbb0459c45d72cade47e6e41068da7e2,1,250000000000000,106145013,140578,5007625,1743150001,0xb332116b75bccdb2c1ce8c3cd522231752983ed78a45636be8f929767f742971,NewSale
0x8c6B2801f0bb5B388Bf0E121aEa865af94630127,81372,0xbc2d6E7c81E7f35473b3594031FCC4c519fD24Ad,1,0x64f7c019021ac74a68d90d08491ca43b2a632e71,1,520000000000000,104806292,172043,5007632,1743150015,0xf3d0d3e1903590d3ee458ff77e282e0b4207b8b1060df0e4f2e6d5b3d4f9937a,NewSale
0x13dDA63C28bB95FE9822FEA43ad5fEaA966636a9,81360,0xdc0F91C5a4D200FfC21658901c77c0fE1A14d199,0,0x687b607939e72c204e30b599f66e101a66e4cf95,1,430000000000000,106892919,162483,5007647,1743150045,0xab02e929c4671c37e8ce821a15d27a5241233ab8528373d64c78cc6279735235,NewSale
0xC0DEc165A5d6e6766Fbc35c977f89535899D0411,77663,0xbc2d6E7c81E7f35473b3594031FCC4c519fD24Ad,0,0x27fc92bc451d611ab467cfe8ec9a83c44ac447b5,1,249999950000000,105828763,142201,5007665,1743150081,0x08eeef8fc2a5672fc2c85d11573a80d51208f5d297606aaaba9e639be7a2ccdf,NewSale
0x66c197D75Db44734D595DE713D6eC300d82f8363,81375,0xbc2d6E7c81E7f35473b3594031FCC4c519fD24Ad,0,0x27fc92bc451d611ab467cfe8ec9a83c44ac447b5,1,100000000000000,106059303,140578,5007683,1743150117,0x9175907bf114b32653c39ac26a1ad25af2d1008c29842cd0173cb4bc2515df73,NewSale
0xE06B9a01b50F2a4d8efAA4BB1C8a28Da13e54Ee7,79409,0xdc0F91C5a4D200FfC21658901c77c0fE1A14d199,0,0x082706db886995aa38779972e2708b6b1118aa7e,1,800000000000000,106607061,150171,5007689,1743150129,0xec3d4b408ef646fed12ad3a60558632dfd1f2abeefc149452ef6e505a3312d17,NewSale
0x66c197D75Db44734D595DE713D6eC300d82f8363,81378,0xbc2d6E7c81E7f35473b3594031FCC4c519fD24Ad,0,0x27fc92bc451d611ab467cfe8ec9a83c44ac447b5,1,100000000000000,107014546,140578,5007695,1743150141,0x0ab0288306db9d867598dbf086d65254d8b784f777dc483afc3c53cbf5202e7c,NewSale
0xf084531A7801A1CC3847a4f6B75eBe164b5fa8A0,81306,0xbc2d6E7c81E7f35473b3594031FCC4c519fD24Ad,0,0x653181142dc87d1bc4a1b7849604d4ba510a4a3d,1,270000000000000,107700000,140578,5007696,1743150143,0xe448bf2ebf9a25cea05ba7cee4a15b7a67f3bfc8f05a569da89da077cdfcad89,NewSale
0x25e772BDa5a5dddAd007036BF08f8afbfDF7827a,81382,0xbc2d6E7c81E7f35473b3594031FCC4c519fD24Ad,1,0x64f7c019021ac74a68d90d08491ca43b2a632e71,1,654150000000000,106832338,172043,5007696,1743150143,0x537840c7d553c2d1b3c15cf7542c7de02bd39dec0670e4f881b983ed865c23ac,NewSale
0x66c197D75Db44734D595DE713D6eC300d82f8363,81381,0xbc2d6E7c81E7f35473b3594031FCC4c519fD24Ad,0,0x27fc92bc451d611ab467cfe8ec9a83c44ac447b5,1,100000000000000,106402310,140578,5007712,1743150175,0xf541bf0c65622ec2fda88579a059bf308ec60f05946e03ea2b1e4b4a7e2438c8,NewSale
0x66c197D75Db44734D595DE713D6eC300d82f8363,81377,0xbc2d6E7c81E7f35473b3594031FCC4c519fD24Ad,0,0xcb1185cb6efba420acc9e30149ad971860195c9e,1,111000000000000,107620000,140578,5007716,1743150183,0xc7e09949b4ba0adcee58ddf55d152471744f6d8c9694fc80712332fae7300eed,NewSale
0x66c197D75Db44734D595DE713D6eC300d82f8363,81383,0xbc2d6E7c81E7f35473b3594031FCC4c519fD24Ad,0,0x3e8055a30c4db8a6e05e27622dfb30c3db0b2efa,1,100000000000000,107520000,140578,5007734,1743150219,0xf4012b458c837592234b6d819f71dcd4c137a2c41ff082959af2666ae5f453af,NewSale
0xC0DEc165A5d6e6766Fbc35c977f89535899D0411,77661,0xbc2d6E7c81E7f35473b3594031FCC4c519fD24Ad,0,0x3cfec4628548188494ff87731791e4c4f3c3fa7f,1,249999970000000,107520000,142201,5007737,1743150225,0x7a2a32688c119e39cfa454373ea26d0e42fb3cdd4ca08542bafc0d96f6e9d354,NewSale
0xeb418E53EFcDc351137C9A81c70967b8D7063f4C,77988,0x7e5F161dd824d98AC3474eBf550716d0cb83E8C6,0,0xd2cfcb0c5dc1701631fd8f70e192479cc17c8f14,1,500000000000000,108336542,164783,5007750,1743150251,0xbc1cb7ecb9eddb9890f9de1812209423998b611f159113f9c7de0792a4e868a0,NewSale
0x66c197D75Db44734D595DE713D6eC300d82f8363,81384,0xbc2d6E7c81E7f35473b3594031FCC4c519fD24Ad,0,0xdc045deed55e31fd4384dd8267fdb6e17a7d5a2d,1,100000000000000,108230000,140578,5007752,1743150255,0xab69b93ddcf98b4d014e7aca44be0fbfb5a121e304e98e0263eea9d5a8297bab,NewSale
0xE9D397C05DFBC951f8814Df02f2f78280eC0faaF,81386,0xbc2d6E7c81E7f35473b3594031FCC4c519fD24Ad,1,0x64f7c019021ac74a68d90d08491ca43b2a632e71,1,512300000000000,107121231,172043,5007764,1743150279,0x9dd03337706444381b24db8cc6d5cfbe0511fd85d583df9ee902e84826897122,NewSale
0xC0DEc165A5d6e6766Fbc35c977f89535899D0411,77661,0xbc2d6E7c81E7f35473b3594031FCC4c519fD24Ad,0,0xdc045deed55e31fd4384dd8267fdb6e17a7d5a2d,1,249999970000000,108200000,142201,5007777,1743150305,0xd30caa45ce0eefb71eaaaf3ccac10a7ae7f21481f84a4444635edab8c0c9f2d5,NewSale
0xC0DEc165A5d6e6766Fbc35c977f89535899D0411,77659,0xbc2d6E7c81E7f35473b3594031FCC4c519fD24Ad,0,0x3cfec4628548188494ff87731791e4c4f3c3fa7f,1,249999980000000,108200000,142177,5007777,1743150305,0xe7ca8e64047012e5b8c20d2671e31bb755eafa4561fae133704bd151fbe13779,NewSale
0xC0DEc165A5d6e6766Fbc35c977f89535899D0411,77662,0xbc2d6E7c81E7f35473b3594031FCC4c519fD24Ad,0,0xcb1185cb6efba420acc9e30149ad971860195c9e,1,249999960000000,108200000,142189,5007778,1743150307,0x1ff446f967a9775cea18f3920f84837ce7c64140899e95f581b8f25bed825b6b,NewSale
0x63084017B9Bdd1daa6563537dc576D41A83f95Bf,81379,0xbc2d6E7c81E7f35473b3594031FCC4c519fD24Ad,1,0x3e8055a30c4db8a6e05e27622dfb30c3db0b2efa,1,249900000000000,108200000,152878,5007779,1743150309,0x559de5fc9f9819d992020990add11cdfc86a972993f345a061971adbde9c3ccf,NewSale
0xC0DEc165A5d6e6766Fbc35c977f89535899D0411,77663,0xbc2d6E7c81E7f35473b3594031FCC4c519fD24Ad,0,0xb8e2a6dff8313ab090add95d02f31f371e64f62a,1,249999950000000,108200000,142201,5007779,1743150309,0x4f9d653c8db071e474784b92f7a091b56ae05ead503a3ebf77df79a65873041b,NewSale
0xeb418E53EFcDc351137C9A81c70967b8D7063f4C,78915,0x7e5F161dd824d98AC3474eBf550716d0cb83E8C6,2,0xd2cfcb0c5dc1701631fd8f70e192479cc17c8f14,1,500000000000000,107733859,164783,5007779,1743150309,0x5396a05bd4033bfe11109fd2a1a9df00833a0b593e722d64b14740006e716270,NewSale
0xC0DEc165A5d6e6766Fbc35c977f89535899D0411,77662,0xbc2d6E7c81E7f35473b3594031FCC4c519fD24Ad,0,0xcb1185cb6efba420acc9e30149ad971860195c9e,1,249999960000000,107400000,142189,5007797,1743150345,0x7fee5848bb52258ddd09afd7a67f17674ba301d1f89fb39a70856037b1d76284,NewSale
0xC0DEc165A5d6e6766Fbc35c977f89535899D0411,77659,0xbc2d6E7c81E7f35473b3594031FCC4c519fD24Ad,0,0xb8e2a6dff8313ab090add95d02f31f371e64f62a,1,249999980000000,107400000,142177,5007798,1743150347,0xadb6a628c85448da23c0053571644006b9eade94a2016d38311d70f26a02c27d,NewSale
0xC0DEc165A5d6e6766Fbc35c977f89535899D0411,77659,0xbc2d6E7c81E7f35473b3594031FCC4c519fD24Ad,0,0x3e8055a30c4db8a6e05e27622dfb30c3db0b2efa,1,249999980000000,107400000,142177,5007799,1743150349,0x070ea8f1e6a55f3b4101d176dafb2476d197fbd8aeef7643dabaeec80d911064,NewSale
0x945B1677670AAaa66d0150aE266f0DC8dB95a7B3,81087,0xbc2d6E7c81E7f35473b3594031FCC4c519fD24Ad,0,0xc799dd327b5d6c6e4ed5bbec510b49a1ce4bb6d7,1,250000000000000,108060000,140578,5007800,1743150351,0xaccdad2faa35350012a74e4d976423f296fb0c3dd099cc5f8a6391468433d4bd,NewSale
0xD8cE63094EE560d42F523Aa5e6e400F83c688F9d,81076,0xbc2d6E7c81E7f35473b3594031FCC4c519fD24Ad,0,0x3cfec4628548188494ff87731791e4c4f3c3fa7f,1,250000000000000,108060000,140578,5007801,1743150353,0x5ad3b52aa276873f1a05bc2222b5c61bd307a91bf4ec68133f9961da867a9818,NewSale
0x43B94132D4384bcEB7F4f8573F577EE108b8d8a0,81041,0xbc2d6E7c81E7f35473b3594031FCC4c519fD24Ad,0,0x1152620a72c82ea8bbfa8ac17481468bc8122503,1,250000000000000,108201473,135778,5007808,1743150367,0x7e9fc9fd8e78b7b4a67b1b34547d6ea3ff5ec32feb1364389a36117abe202d48,NewSale
0x3f814dC225B278a2D480d9d28d53FD5f44e23123,81078,0xbc2d6E7c81E7f35473b3594031FCC4c519fD24Ad,0,0xdc045deed55e31fd4384dd8267fdb6e17a7d5a2d,1,250000000000000,108140000,140578,5007808,1743150367,0x70ac4ab92b06046def0feec6ec2dbc48d4cfdb909f1da1805e2bc7e6956d7280,NewSale
0xC0DEc165A5d6e6766Fbc35c977f89535899D0411,77663,0xbc2d6E7c81E7f35473b3594031FCC4c519fD24Ad,0,0x3e8055a30c4db8a6e05e27622dfb30c3db0b2efa,1,249999950000000,108990000,142201,5007841,1743150433,0x0ef2e57bfaed5d661796067f04db8d37f3a23331cc962759c69a9bbf26c6e147,NewSale
0xC0DEc165A5d6e6766Fbc35c977f89535899D0411,77662,0xbc2d6E7c81E7f35473b3594031FCC4c519fD24Ad,0,0xb8e2a6dff8313ab090add95d02f31f371e64f62a,1,249999960000000,108990000,142189,5007841,1743150433,0x2cb79eca0b8a43ee9c6a69a7be36f0bf94fc8228f253fd5b3183a98924216c6c,NewSale
0xC0DEc165A5d6e6766Fbc35c977f89535899D0411,77663,0xbc2d6E7c81E7f35473b3594031FCC4c519fD24Ad,0,0xd2cfcb0c5dc1701631fd8f70e192479cc17c8f14,1,249999950000000,108897105,142201,5007841,1743150433,0x5c2ed64d61a5bccc7405e34b5f632b98a1d25a0913abe110586ae678f8f9a1c3,NewSale
0xC0DEc165A5d6e6766Fbc35c977f89535899D0411,77661,0xbc2d6E7c81E7f35473b3594031FCC4c519fD24Ad,0,0xcb1185cb6efba420acc9e30149ad971860195c9e,1,249999970000000,108990000,142201,5007842,1743150435,0xab4454868b2afe292190c7e08fe1417dc6f247621a4f2a39c68b0fc61be71c53,NewSale
0xC0DEc165A5d6e6766Fbc35c977f89535899D0411,77659,0xbc2d6E7c81E7f35473b3594031FCC4c519fD24Ad,0,0xdc045deed55e31fd4384dd8267fdb6e17a7d5a2d,1,249999980000000,108990000,142177,5007842,1743150435,0x4e7559d846352ff014cffe2fec4b6db425b4ae72d11526cd0e6a1fbedd9f6a34,NewSale
0xC0DEc165A5d6e6766Fbc35c977f89535899D0411,74893,0xbc2d6E7c81E7f35473b3594031FCC4c519fD24Ad,0,0x3cfec4628548188494ff87731791e4c4f3c3fa7f,1,249999990000000,108990000,142201,5007843,1743150437,0xc1d09a3dd8e4ebb45d1686066654549eb4dc7ee6bcd63d2db893813c191f1555,NewSale
0x687B607939e72C204e30b599F66E101A66E4Cf95,81391,0xdc0F91C5a4D200FfC21658901c77c0fE1A14d199,0,0x206c6544c2165f734cfc0233c5be0dbab88acb2d,1,450000000000000,108255740,162483,5007844,1743150439,0xa0b35d4328e9720d27cf63756f61e858159c04a257f74fc7088f44cba4dcd688,NewSale
0x597324f9108E215a9bd2877039C3C48873Db6Be8,81395,0xbc2d6E7c81E7f35473b3594031FCC4c519fD24Ad,1,0xbf5ab8592addd237d35dddd3660ced9235219774,1,641000000000000,109010000,192843,5007850,1743150451,0xb330605948ff553c5622c3df8c314a0142a4f7e5779f86ed56cd75612626f9be,NewSale
0xC0DEc165A5d6e6766Fbc35c977f89535899D0411,77659,0xbc2d6E7c81E7f35473b3594031FCC4c519fD24Ad,0,0x1152620a72c82ea8bbfa8ac17481468bc8122503,1,249999980000000,109689410,142177,5007852,1743150455,0x9b9901c94d0c01374c2fb7005726345affca343e2ad52ba8790e9f9e3e163161,NewSale
0x27fC92bC451d611Ab467cfe8Ec9a83C44Ac447B5,81394,0xbc2d6E7c81E7f35473b3594031FCC4c519fD24Ad,0,0xd2cfcb0c5dc1701631fd8f70e192479cc17c8f14,1,100000000000000,109599453,140578,5007858,1743150467,0xbc29036363b86bd7de1f4c2f2f94d448799662c52185439769e6e3ab22158094,NewSale
0xA327766ea3513d9C9D60DE185Cf2C0fB3bCCAd25,81393,0xbc2d6E7c81E7f35473b3594031FCC4c519fD24Ad,0,0xbf5ab8592addd237d35dddd3660ced9235219774,1,100000000000000000,109490000,180543,5007862,1743150475,0x3717fa3ce07b00097844c2931ce33d8ee35256814d9ac390d51097ce7de13af3,NewSale
0x010E1c9C84F57BC88E5c1aC1b875A1E317C58fCF,81392,0xbc2d6E7c81E7f35473b3594031FCC4c519fD24Ad,1,0x4b478bbabbd0c55e7c84c7f913ea2618bc417770,1,249900000000000,109198410,152878,5007878,1743150507,0x13ff406f9a75651156412f51dfbcf8485ff0cc65df90ec9f54b5ecb715bbe862,NewSale
0xC0DEc165A5d6e6766Fbc35c977f89535899D0411,77663,0xbc2d6E7c81E7f35473b3594031FCC4c519fD24Ad,0,0x2be7ecef30a660cbd752018008b8dc11de72c7aa,1,249999950000000,109212897,142201,5007879,1743150509,0x3bd03e0940093051608368f92ad8d0df8ba8ce3d81160995dd92069a20c2b5eb,NewSale
0x945B1677670AAaa66d0150aE266f0DC8dB95a7B3,81081,0xbc2d6E7c81E7f35473b3594031FCC4c519fD24Ad,0,0x1152620a72c82ea8bbfa8ac17481468bc8122503,1,250000000000000,110766530,135778,5007896,1743150543,0x6dc293d1a02b914b364b9171874218f2317ddc6c431fc0563831ec8f6bc3cf6f,NewSale
0x27fC92bC451d611Ab467cfe8Ec9a83C44Ac447B5,81398,0xbc2d6E7c81E7f35473b3594031FCC4c519fD24Ad,0,0xbf5ab8592addd237d35dddd3660ced9235219774,1,100000000000000,111830000,140578,5007919,1743150589,0x8e36d3b459c954d25c0c32763101135dcd0061bfed9d7f7d0498b9e5bd0acd69,NewSale
0x27fC92bC451d611Ab467cfe8Ec9a83C44Ac447B5,81401,0xbc2d6E7c81E7f35473b3594031FCC4c519fD24Ad,0,0x1152620a72c82ea8bbfa8ac17481468bc8122503,1,100000000000000,112800154,140578,5007941,1743150633,0x58a92caa8a0943e9464c2558b9002ff1622e9f93f5bc6740e48c06ab5f9aff7b,NewSale
0x9B28Ab19c59D66C3D6587ad700958Fd274F84ce9,81415,0xbc2d6E7c81E7f35473b3594031FCC4c519fD24Ad,1,0x64f7c019021ac74a68d90d08491ca43b2a632e71,1,1200000000000000,112705688,172031,5007958,1743150667,0x1464fbc1f6f3404c789c47a493a84ed07d0a507ee6ddb5d404a72456b15fcb54,NewSale
0x27fC92bC451d611Ab467cfe8Ec9a83C44Ac447B5,81403,0xbc2d6E7c81E7f35473b3594031FCC4c519fD24Ad,0,0xbf5ab8592addd237d35dddd3660ced9235219774,1,100000000000000,114120000,140578,5007972,1743150695,0x35be21d4db30da5ff2e1b48b8f739daea55bf06a12cbeded16fbfa1440523c5f,NewSale
0x66c197D75Db44734D595DE713D6eC300d82f8363,81399,0xbc2d6E7c81E7f35473b3594031FCC4c519fD24Ad,0,0x1152620a72c82ea8bbfa8ac17481468bc8122503,1,110000000000000,115118681,135778,5007983,1743150717,0xcc5fecd34c1880842019857fc7b3f1aec273c956474d898eaa6acc76e7482a3f,NewSale
0x34b918B6f3402b04c184c158D2A32b59A2da3F88,78498,0xdc0F91C5a4D200FfC21658901c77c0fE1A14d199,0,0xd67c07e38cc652b41716e0f23bf0a61eb665ad84,1,900000000000000,115650000,145383,5008007,1743150765,0x5aa984ad769a6d16c3ff20dd3d836f4f5b2e9f5230466c1e4024efbe4051b392,NewSale
0xA327766ea3513d9C9D60DE185Cf2C0fB3bCCAd25,81429,0xbc2d6E7c81E7f35473b3594031FCC4c519fD24Ad,0,0xbf5ab8592addd237d35dddd3660ced9235219774,1,100000000000000000,115200000,163443,5008023,1743150797,0xcd124ba8cc78738a1bc7728bf3a219f470e85065a29da7ce330e2f8ed8180cf3,NewSale
0x64f7C019021aC74A68D90D08491Ca43b2a632E71,81427,0xbc2d6E7c81E7f35473b3594031FCC4c519fD24Ad,1,0x529f71b8285ecbabf59359e9284e98ad05e683e7,1,17000000000000000000,113292042,178454,5008051,1743150853,0x096cba9189347fb97db945887a480cfa0436ce9946fd09f3c21fd0bbf666be35,NewSale
