listing_creator,listing_id,asset_contract,token_id,buyer,quantity_bought,total_price_paid,gas_price,gas_used,block_number,timestamp,transaction_hash,event_type
0xC0DEc165A5d6e6766Fbc35c977f89535899D0411,74777,0xbc2d6E7c81E7f35473b3594031FCC4c519fD24Ad,0,0x970e8ffdc43d29534e62c6d63b5c0dcedc4a4c60,1,259999990000000,66783156,142201,4928617,1742991985,0x3bbe3cc68bb1bdd090d03fe0c6519b99eb7565c5d5f1b4aaf6a7f4d2d9aade33,NewSale
0x86bB7A3Fac280460042A2fe62e6f8E4BB2b69139,74416,0xdc0F91C5a4D200FfC21658901c77c0fE1A14d199,0,0x2decdd1345aec81519c5177167de4bebec72da3f,1,640000000000000,65243378,145371,4928617,1742991985,0xa675eb2a77313594ffafc55e0441c95918a1a463ca56c18a7ecb1c339b15e728,NewSale
0x3df11E68547d9740ae06b8567bB200e577c64d64,74785,0xbc2d6E7c81E7f35473b3594031FCC4c519fD24Ad,0,0xe77fb6d4a9d94d919fd290f2ef1a21b618ba9eb2,1,300000000000000,65140000,140590,4928619,1742991989,0x5b0ba1f6ab04c3960657163797a9009772ed76f95b794aa97e48b2107aba4166,NewSale
0xC0DEc165A5d6e6766Fbc35c977f89535899D0411,74777,0xbc2d6E7c81E7f35473b3594031FCC4c519fD24Ad,0,0x9a8c33ee5d68df1efebafa4b73bb7d59b6930536,1,259999990000000,65043342,142201,4928625,1742992001,0x5f774add0a513bfb414d892aa5b49ff6f3e7d23e5b28a5255da1b49d5fbafe82,NewSale
0x37C9a72f7699dF5270a8C409411391F2df0EcC94,74808,0x02e21A25F0038fa5BDEe9c0b77aC0c1E84d3d6f0,1889,0x3054e1986fe5faa920cfae137f711f66f82cde07,1,400000000000000,66673389,155246,4928632,1742992015,0x0f3b879f164544cd3a649cbae6def3935b78888460ad5294350ac47f45b6c7ee,NewSale
0xC0DEc165A5d6e6766Fbc35c977f89535899D0411,74777,0xbc2d6E7c81E7f35473b3594031FCC4c519fD24Ad,0,0x970e8ffdc43d29534e62c6d63b5c0dcedc4a4c60,1,259999990000000,66678059,142201,4928633,1742992017,0xca5dd51e38db6217b659652d25b0f57936ebbb715427658121cd7aef08d99118,NewSale
0xC0DEc165A5d6e6766Fbc35c977f89535899D0411,74786,0xbc2d6E7c81E7f35473b3594031FCC4c519fD24Ad,0,0x9a8c33ee5d68df1efebafa4b73bb7d59b6930536,1,265000000000000,65100775,142189,4928641,1742992033,0x0cfcb83310c3d7d0b7b76e732511a2aab44a9d6463f312c1a3dadff36d1ddaaf,NewSale
0xC0DEc165A5d6e6766Fbc35c977f89535899D0411,74777,0xbc2d6E7c81E7f35473b3594031FCC4c519fD24Ad,0,0x970e8ffdc43d29534e62c6d63b5c0dcedc4a4c60,1,259999990000000,65111790,142201,4928646,1742992043,0xe22755a4b41e8aeb5970e364f3e1885a56102de58a7761d45e5929bc4b452bcc,NewSale
0x5CAB2CF6DE2c5a1571Fb4F5E3Da7f57F2a0094AB,74807,0xbc2d6E7c81E7f35473b3594031FCC4c519fD24Ad,0,0x3054e1986fe5faa920cfae137f711f66f82cde07,1,279000000000000,65207794,140578,4928647,1742992045,0x8200cafe0cc4796a907d7623840db99e4c88e4566eaaaca4146f9b939a8b08a2,NewSale
0xC0DEc165A5d6e6766Fbc35c977f89535899D0411,74777,0xbc2d6E7c81E7f35473b3594031FCC4c519fD24Ad,0,0x675ae26b90ec4a16ce0df8723c545f01f2cfe5c7,1,259999990000000,65388289,142201,4928651,1742992053,0x0b2ef386fc3d1c4c482126ba12222b907bebc28c65ff0409644ec36773c2000a,NewSale
0xC0DEc165A5d6e6766Fbc35c977f89535899D0411,74777,0xbc2d6E7c81E7f35473b3594031FCC4c519fD24Ad,0,0x970e8ffdc43d29534e62c6d63b5c0dcedc4a4c60,1,259999990000000,129784264,142201,4928660,1742992071,0x73ff6d073f8acbc6085233726ebe10511e2278190ed4da42ddbd9dc9238c619c,NewSale
0xC0DEc165A5d6e6766Fbc35c977f89535899D0411,74777,0xbc2d6E7c81E7f35473b3594031FCC4c519fD24Ad,0,0x970e8ffdc43d29534e62c6d63b5c0dcedc4a4c60,1,259999990000000,66275464,142201,4928672,1742992095,0xebd7cc8a1cc614a0e2161475e436935bd573b24acc9adbcadcb40eb00060d022,NewSale
0xC0DEc165A5d6e6766Fbc35c977f89535899D0411,74779,0xbc2d6E7c81E7f35473b3594031FCC4c519fD24Ad,0,0x033f59e2b12a77e5e9d19fe5cc82edbbdb6a384b,1,269999990000000,65940000,142201,4928686,1742992123,0x61b0d06cf69ba80e56dbcb4ae04a0e74e2553a24e19a568015128abe3cc1f70d,NewSale
0x37C9a72f7699dF5270a8C409411391F2df0EcC94,74826,0xDfC21bE7cC791a5f03A95E836D385bBC6d7dF384,1314,0x3054e1986fe5faa920cfae137f711f66f82cde07,1,400000000000000,66301694,155246,4928741,1742992233,0x706a07c2a01d4495eb547b5872dd196b47c15861d0114f4349927fec69006732,NewSale
0x9A8C33eE5d68Df1eFEbaFA4b73bb7d59B6930536,74813,0xbc2d6E7c81E7f35473b3594031FCC4c519fD24Ad,0,0x3054e1986fe5faa920cfae137f711f66f82cde07,1,300000000000000,67089079,140590,4928800,1742992351,0xb6a8afb738c83b596d907d08ac0abdae29b615c68a2861c3203e93144120b135,NewSale
0xc9828DCb7CaaE7e89e0dAAF814fAb714aC5bb6fC,72312,0xdc0F91C5a4D200FfC21658901c77c0fE1A14d199,0,0xb4eec5988958827d479eac71b484277e913b38b1,1,650000000000000,67132019,150183,4928811,1742992373,0xa29c4a1af4de80184e070e26e73163c2c629dc35b81ffff9f266f35646b7fcf2,NewSale
0x5CAB2CF6DE2c5a1571Fb4F5E3Da7f57F2a0094AB,74821,0xbc2d6E7c81E7f35473b3594031FCC4c519fD24Ad,0,0x3054e1986fe5faa920cfae137f711f66f82cde07,1,279000000000000,67282968,140578,4928825,1742992401,0x0a24acde350f75a3639daef33d57d912148114e0f00104cffd334504cdd94296,NewSale
0xC0DEc165A5d6e6766Fbc35c977f89535899D0411,74777,0xbc2d6E7c81E7f35473b3594031FCC4c519fD24Ad,0,0x09c1caabc298a9a550d929909638e79d306f6f36,1,259999990000000,67167014,142201,4928836,1742992423,0x3e41a5cc5e26defa3e909f01c291b8cfdaacd1273f229924c6c8585627c2af7e,NewSale
0xc9828DCb7CaaE7e89e0dAAF814fAb714aC5bb6fC,72329,0xdc0F91C5a4D200FfC21658901c77c0fE1A14d199,0,0x69e9af83edf0ea708f6faa57ad1fc8711e1b3125,1,650000000000000,67140000,150183,4928855,1742992461,0x9fde175a9e20413aec20f58d8ce407c639a73e9fc7aeb91ae874ddd7c965006c,NewSale
0xC0DEc165A5d6e6766Fbc35c977f89535899D0411,74777,0xbc2d6E7c81E7f35473b3594031FCC4c519fD24Ad,0,0xd3db41fc7bb9f8bc45a41234ed58fc0019458b0d,1,259999990000000,66682575,142189,4928873,1742992497,0x3abba9b7a911c8b954dee2119192749687ef6858984838194013c0452d6abf68,NewSale
0x5CAB2CF6DE2c5a1571Fb4F5E3Da7f57F2a0094AB,74834,0xbc2d6E7c81E7f35473b3594031FCC4c519fD24Ad,0,0x3054e1986fe5faa920cfae137f711f66f82cde07,1,279000000000000,132243245,140578,4928874,1742992499,0x484bab91334f9f0c12e2d368cf9ab2bfcdaca3357dbdf201d4255f0cdb61618a,NewSale
0x1738357449eD8DB27347a1f3aD43f087BF810915,72606,0xdc0F91C5a4D200FfC21658901c77c0fE1A14d199,0,0x69e9af83edf0ea708f6faa57ad1fc8711e1b3125,1,660000000000000,66800000,150183,4928891,1742992533,0x33de4c5e136e7e6733518b7d1443c8790512c74e75785967f8ab4020b01307e5,NewSale
0x033F59e2b12A77e5e9d19fe5Cc82eDBBdb6A384b,74829,0xbc2d6E7c81E7f35473b3594031FCC4c519fD24Ad,0,0x4d023f0044a8f4daa3ef94aaac4bf4ee85c933b6,1,330000000000000,66800000,140578,4928895,1742992541,0x7d6c898623cb31a8685ca8112f4b214ab782728128842db2373eb56c299919c4,NewSale
0x970E8FFdc43d29534E62C6d63B5c0DCEDc4a4c60,74838,0xbc2d6E7c81E7f35473b3594031FCC4c519fD24Ad,0,0x3054e1986fe5faa920cfae137f711f66f82cde07,1,257000000000000,66858439,140578,4928898,1742992547,0xabae3e62d60af5a368dc95e8fbc206a3f986fb7a9c33bd7a0b834eaba23ed5fe,NewSale
0xc9828DCb7CaaE7e89e0dAAF814fAb714aC5bb6fC,72332,0xdc0F91C5a4D200FfC21658901c77c0fE1A14d199,0,0x69e9af83edf0ea708f6faa57ad1fc8711e1b3125,1,650000000000000,66680000,150183,4928902,1742992555,0x88f8afc0d208b8d744a6b099ce226f22525303a63f89313df7c2019901ecd1db,NewSale
0xB6865477bf8656dF22169F7a25a1BADb19735157,72262,0xdc0F91C5a4D200FfC21658901c77c0fE1A14d199,0,0x69e9af83edf0ea708f6faa57ad1fc8711e1b3125,1,680000000000000,66680000,150183,4928915,1742992581,0x28e8f09415408fcaf04c1a44f39497457b5d1bd5a916dd2d9c87d4a9da6c683e,NewSale
0xc9828DCb7CaaE7e89e0dAAF814fAb714aC5bb6fC,72324,0xdc0F91C5a4D200FfC21658901c77c0fE1A14d199,0,0x69e9af83edf0ea708f6faa57ad1fc8711e1b3125,1,650000000000000,66640000,145383,4928929,1742992609,0xfa9f64a665a7084741165eee886517d43b522868d7772bf0becb66a58968a817,NewSale
0x5CAB2CF6DE2c5a1571Fb4F5E3Da7f57F2a0094AB,74830,0xbc2d6E7c81E7f35473b3594031FCC4c519fD24Ad,0,0x4d023f0044a8f4daa3ef94aaac4bf4ee85c933b6,1,279000000000000,66470000,140566,4928934,1742992619,0xd94d2825b9b2b08a64c8c998c4eaea70f2c9a8a9346da22010410c757e99d7f5,NewSale
0x970E8FFdc43d29534E62C6d63B5c0DCEDc4a4c60,74844,0xbc2d6E7c81E7f35473b3594031FCC4c519fD24Ad,0,0x3054e1986fe5faa920cfae137f711f66f82cde07,1,257777777000000,65992081,140590,4928943,1742992637,0xb3c03889657bd236d9f9a258f0cef3b88f5b29a350f639e441bb8f5fcc4959c1,NewSale
0x0d10a41CB8cf5FEEB00be965f373c7517A57d93C,74847,0x02e21A25F0038fa5BDEe9c0b77aC0c1E84d3d6f0,1583,0x9d3732727d5d56c2234264ab0154111eb91dd0ca,1,190000000000000,127929142,138146,4929040,1742992831,0x20cd188a9c9ea23214007e543015036f431aaaa7cd8e0c377d6c8e03051b26ff,NewSale
0x970E8FFdc43d29534E62C6d63B5c0DCEDc4a4c60,74845,0xbc2d6E7c81E7f35473b3594031FCC4c519fD24Ad,0,0x09c1caabc298a9a550d929909638e79d306f6f36,1,257777777000000,63500925,140590,4929153,1742993057,0xf9da04a8d64d0a1b3db7b8b4dd76408f767c18cf612fe7a9afe18233af2c8ea3,NewSale
0xf3fc7730BF75975A916428d69DD20FBe35A20fc9,74827,0xbc2d6E7c81E7f35473b3594031FCC4c519fD24Ad,0,0x4d023f0044a8f4daa3ef94aaac4bf4ee85c933b6,1,299999999990000,63740000,140590,4929162,1742993075,0x180b4ab5141f71b93342ea7382aec60550fd384d617710e91f4e59fb8dc94cb2,NewSale
0x970E8FFdc43d29534E62C6d63B5c0DCEDc4a4c60,74870,0xbc2d6E7c81E7f35473b3594031FCC4c519fD24Ad,0,0x88ca0d90d4da5b5a3380a2d2311b09f31a87d97c,1,260000000000000,63943427,157678,4929179,1742993109,0x26f60af399bcbee3729c6a0c1a74f3209a6262dc35227ec717c8e31be939e093,NewSale
0xeF0Ef28b882d166B732d00A01Ea762B9CCd3FE44,74859,0xbc2d6E7c81E7f35473b3594031FCC4c519fD24Ad,1,0x0736878acec9ab4ad1f84cc2686644b68a8a6c56,1,250000000000000,86286366,159289,4929224,1742993199,0xbe300182a34718fff227c8888ab7b38deed433f9d3e1f2fa838c6748ff68ddee,NewSale
0xeF0Ef28b882d166B732d00A01Ea762B9CCd3FE44,74859,0xbc2d6E7c81E7f35473b3594031FCC4c519fD24Ad,1,0xc549a728a775435a1f17c21c9d716a0e13282b58,1,250000000000000,64994860,159289,4929226,1742993203,0x45e9e431c15b578b912c065eab0e4d95aab91c9ec40d4e8fe73d9c1011ec0f7a,NewSale
0xeF0Ef28b882d166B732d00A01Ea762B9CCd3FE44,74859,0xbc2d6E7c81E7f35473b3594031FCC4c519fD24Ad,1,0xc549a728a775435a1f17c21c9d716a0e13282b58,1,250000000000000,126916376,142189,4929243,1742993237,0x1ddba8694f1cd31ad1a4df2888c8cd14e87230a0006c6dc2d365e31f81129e0e,NewSale
0xC0DEc165A5d6e6766Fbc35c977f89535899D0411,74779,0xbc2d6E7c81E7f35473b3594031FCC4c519fD24Ad,0,0x88ca0d90d4da5b5a3380a2d2311b09f31a87d97c,1,269999990000000,64130465,142201,4929254,1742993259,0x899fa46fb7ce8b8e3e4e5b30e6e7f5c93fa1560219a0cc1637b6ffc6e58d7c58,NewSale
0x970E8FFdc43d29534E62C6d63B5c0DCEDc4a4c60,74863,0xbc2d6E7c81E7f35473b3594031FCC4c519fD24Ad,0,0x34fe392fdfeced14d6778e25e06d61e10fc6ab03,1,250000000000000,64160000,140578,4929300,1742993351,0x6305bce50c9ee1e2761535bd131031b73aa3f16d0aa99113759c7fe3f99c79cf,NewSale
0xcb3EDeC5bACFc0fa6b08e2721B6AF830B379EBC8,74877,0xbc2d6E7c81E7f35473b3594031FCC4c519fD24Ad,0,0x34fe392fdfeced14d6778e25e06d61e10fc6ab03,1,245000000000000,64100000,140578,4929310,1742993371,0x7a2a23e3355182e0650d9b6ef43e0d72f4381226b773fb3f32e01d7b4367e68c,NewSale
0x09f5A7550d8889602E18AcEC711bdD7466f4Fd88,74874,0xbc2d6E7c81E7f35473b3594031FCC4c519fD24Ad,0,0x88ca0d90d4da5b5a3380a2d2311b09f31a87d97c,1,240000000000000,63662233,140566,4929315,1742993381,0x84ef57a1be1dae0ff55c9c8020a3c34fefc583f8f42007b5264fd5bf3e10de02,NewSale
0x09c1CAabC298A9a550D929909638e79D306f6F36,74867,0xbc2d6E7c81E7f35473b3594031FCC4c519fD24Ad,0,0x4d023f0044a8f4daa3ef94aaac4bf4ee85c933b6,1,260000000000000,64100000,140566,4929322,1742993395,0x1e67544d881eea169863d4d0d770a0cca7e84f8aa27d1fcb913408ea1e01803a,NewSale
0xeF0Ef28b882d166B732d00A01Ea762B9CCd3FE44,74859,0xbc2d6E7c81E7f35473b3594031FCC4c519fD24Ad,1,0x34fe392fdfeced14d6778e25e06d61e10fc6ab03,1,250000000000000,64100000,159289,4929323,1742993397,0x3a8f23b2e75fb019a85e246bdd8d1e007281553b8d385cac1a7d29889846414f,NewSale
0x69E9Af83edF0Ea708f6FAa57AD1fc8711e1B3125,74855,0xdc0F91C5a4D200FfC21658901c77c0fE1A14d199,0,0xc073b6a602d4061d57ba78db3d93a3f856476396,1,680000000000000,64146600,150183,4929336,1742993423,0x2f0d3df261f982e2e886d63cd6d2cfe5e7735a31c48ec3e186637846b54ab6ce,NewSale
0x09c1CAabC298A9a550D929909638e79D306f6F36,74862,0xbc2d6E7c81E7f35473b3594031FCC4c519fD24Ad,0,0x34fe392fdfeced14d6778e25e06d61e10fc6ab03,1,255000000000000,63820000,140578,4929337,1742993425,0x0db53e0361bddce95fbe7fd0a4a4521fc5642a7a9739b3842b3cf6737d995929,NewSale
0x970E8FFdc43d29534E62C6d63B5c0DCEDc4a4c60,74848,0xbc2d6E7c81E7f35473b3594031FCC4c519fD24Ad,0,0x09c1caabc298a9a550d929909638e79d306f6f36,1,257111110000000,63089748,140590,4929344,1742993439,0xa2a1b50212baafb650d8053f91767c28e80be8819c27d315e6ad8de225365850,NewSale
0x970E8FFdc43d29534E62C6d63B5c0DCEDc4a4c60,74873,0xbc2d6E7c81E7f35473b3594031FCC4c519fD24Ad,0,0x34fe392fdfeced14d6778e25e06d61e10fc6ab03,1,256000000000000,63820000,140566,4929351,1742993453,0x1f2bf1c257f37f736a0d476c2271021095ce3753b60827c73f653e027c3ad0a7,NewSale
0x970E8FFdc43d29534E62C6d63B5c0DCEDc4a4c60,74854,0xbc2d6E7c81E7f35473b3594031FCC4c519fD24Ad,0,0x34fe392fdfeced14d6778e25e06d61e10fc6ab03,1,257777777777770,63820000,140590,4929361,1742993473,0x483951f2f6c35ab9739dabbf3fae0fd848e6fd1a55286a66457eaa1319b1632a,NewSale
0xeb418E53EFcDc351137C9A81c70967b8D7063f4C,74871,0x7e5F161dd824d98AC3474eBf550716d0cb83E8C6,0,0x4d023f0044a8f4daa3ef94aaac4bf4ee85c933b6,1,500000000000000,62610000,164771,4929399,1742993549,0x399a7326dcfa93b6b0043bd826ed755c1d509fc9efad4a544253841296e208c7,NewSale
0xC0DEc165A5d6e6766Fbc35c977f89535899D0411,74786,0xbc2d6E7c81E7f35473b3594031FCC4c519fD24Ad,0,0x88ca0d90d4da5b5a3380a2d2311b09f31a87d97c,1,265000000000000,61938791,142189,4929414,1742993579,0x06034550b73d62bef313de7c550bd36629837ba34fb30770c53b5b7dabaa274b,NewSale
0x09c1CAabC298A9a550D929909638e79D306f6F36,74883,0xbc2d6E7c81E7f35473b3594031FCC4c519fD24Ad,0,0x3ca5b4e228aa4327879326970d73e2687f13a24f,1,250000000000000,61790000,157678,4929440,1742993631,0xc8626f1ad5c2468cb5495602f2eea90515557d5e69865d21943199e7a167d511,NewSale
0x09f5A7550d8889602E18AcEC711bdD7466f4Fd88,74882,0xbc2d6E7c81E7f35473b3594031FCC4c519fD24Ad,0,0x88ca0d90d4da5b5a3380a2d2311b09f31a87d97c,1,240000000000000,61837359,140566,4929451,1742993653,0x701620d91d09cff392bcfb13ac6a311b6bfe4c0bacaf2ec05891689feef5f71e,NewSale
0xFa881362478A4fbaBfe76b46bE941AC8eE0408c6,74881,0xEB255E4669Da7FeEf1F746a5a778b4e08b65a1A7,0,0xac6ee7664f0664f3729c18a02a6104bc32ad2046,1,200000000000000,62901192,145371,4929468,1742993687,0xe60e49ef3f4dd88cbb1bfd1100bccc22132aad3d1d9f24f3d266074e527e2763,NewSale
0x34Fe392FDFeCEd14D6778E25E06D61e10Fc6Ab03,74890,0xbc2d6E7c81E7f35473b3594031FCC4c519fD24Ad,0,0xcb3edec5bacfc0fa6b08e2721b6af830b379ebc8,1,200000000000000,61840000,140578,4929469,1742993689,0x9b0e0f91eec610ed66b444ee9d1e69739c68a742637cf997d8fb1f4bfc4914eb,NewSale
0x34Fe392FDFeCEd14D6778E25E06D61e10Fc6Ab03,74895,0xbc2d6E7c81E7f35473b3594031FCC4c519fD24Ad,0,0x4d023f0044a8f4daa3ef94aaac4bf4ee85c933b6,1,200000000000000,61800000,140566,4929482,1742993715,0x00eb215809008dae543fa142dc7fbd58ea97c7e7fe4ef0f026bb3231cca6063a,NewSale
0x34Fe392FDFeCEd14D6778E25E06D61e10Fc6Ab03,74884,0xbc2d6E7c81E7f35473b3594031FCC4c519fD24Ad,0,0x09c1caabc298a9a550d929909638e79d306f6f36,1,240000000000000,61416785,140566,4929491,1742993733,0xf861520e0677000cae1851bce30423df189483cd309d1088c88b250747348852,NewSale
0xC0DEc165A5d6e6766Fbc35c977f89535899D0411,74893,0xbc2d6E7c81E7f35473b3594031FCC4c519fD24Ad,0,0x4d023f0044a8f4daa3ef94aaac4bf4ee85c933b6,1,249999990000000,61790000,142189,4929493,1742993737,0xf88feb526c5af56e919ef5fb9a08195a4ac7f23d5b25b51c21ec6d7457c5b8ed,NewSale
0x34Fe392FDFeCEd14D6778E25E06D61e10Fc6Ab03,74896,0xbc2d6E7c81E7f35473b3594031FCC4c519fD24Ad,0,0x09c1caabc298a9a550d929909638e79d306f6f36,1,240000000000000,61048822,140566,4929504,1742993759,0xa5078a7e0a275b51bd5278249f6fb32dc98b255aef93eb03d36b799ce73432a5,NewSale
0x09f5A7550d8889602E18AcEC711bdD7466f4Fd88,74891,0xbc2d6E7c81E7f35473b3594031FCC4c519fD24Ad,0,0x88ca0d90d4da5b5a3380a2d2311b09f31a87d97c,1,223000000000000,61090641,135778,4929515,1742993781,0xf371b55ba6455e3b2d28109dbea498fa4f5114c3572889eba01adb60c78f894b,NewSale
0xC0DEc165A5d6e6766Fbc35c977f89535899D0411,74893,0xbc2d6E7c81E7f35473b3594031FCC4c519fD24Ad,0,0x09c1caabc298a9a550d929909638e79d306f6f36,1,249999990000000,61089493,142201,4929517,1742993785,0x8f2dbd2d9b1764da938ea65e3b219158991e5502534643ceb66ed5206a310928,NewSale
0xC0DEc165A5d6e6766Fbc35c977f89535899D0411,74893,0xbc2d6E7c81E7f35473b3594031FCC4c519fD24Ad,0,0x4d023f0044a8f4daa3ef94aaac4bf4ee85c933b6,1,249999990000000,61180000,142189,4929533,1742993817,0x3f74f5cfcc9c519d4ffe7f7075fc72aee56678f1ad2adc844d589912bee86e73,NewSale
0xC0DEc165A5d6e6766Fbc35c977f89535899D0411,74777,0xbc2d6E7c81E7f35473b3594031FCC4c519fD24Ad,0,0x4d023f0044a8f4daa3ef94aaac4bf4ee85c933b6,1,259999990000000,60950000,142189,4929565,1742993881,0x8294f4054caa10d93d2eb2ddb44ace1bd76d3c336d8a01bf4a2a72d1e9b87c93,NewSale
0x34Fe392FDFeCEd14D6778E25E06D61e10Fc6Ab03,74886,0xbc2d6E7c81E7f35473b3594031FCC4c519fD24Ad,0,0x33fd1acc271574f6e5c2eb4a0ea1264251ba2119,1,240000000000000,61330000,140566,4929595,1742993941,0x179d51e6fa9ef656b6f254c8dadeee801f31b8fa2c8cace19a498b2b4213082f,NewSale
0x34Fe392FDFeCEd14D6778E25E06D61e10Fc6Ab03,74892,0xbc2d6E7c81E7f35473b3594031FCC4c519fD24Ad,0,0xcb3edec5bacfc0fa6b08e2721b6af830b379ebc8,1,240000000000000,61330000,135766,4929610,1742993971,0xab4c9437cd922a990aeffd384047cc971516ef4ccd61476b62233ae527ab7525,NewSale
0x09c1CAabC298A9a550D929909638e79D306f6F36,74898,0xbc2d6E7c81E7f35473b3594031FCC4c519fD24Ad,0,0x1aa30bfecdec590a90d5b43ca9d717fcae92c564,1,240000000000000,61590000,140566,4929619,1742993989,0x35af857b15aed0f5af3431ad550566d031037de813a4ce1253af19912a94ecbb,NewSale
0xC0DEc165A5d6e6766Fbc35c977f89535899D0411,74777,0xbc2d6E7c81E7f35473b3594031FCC4c519fD24Ad,0,0x575768a6e79f5b1d52aedd9d79609f0a987c96ef,1,259999990000000,61190000,159301,4929621,1742993993,0xe57a126bf098ba21b3aca13f713dae020c27ceeb45d41a90afc919e88ca07f05,NewSale
0xC0DEc165A5d6e6766Fbc35c977f89535899D0411,74893,0xbc2d6E7c81E7f35473b3594031FCC4c519fD24Ad,0,0x4d023f0044a8f4daa3ef94aaac4bf4ee85c933b6,1,249999990000000,61280000,142189,4929635,1742994021,0x1a894b81499e69a6557b3c3855cc4a442e5bea622606e482e9efd5c21e8d85ec,NewSale
0x69E9Af83edF0Ea708f6FAa57AD1fc8711e1B3125,74860,0xdc0F91C5a4D200FfC21658901c77c0fE1A14d199,0,0x4cfc2735027379e29443c1e0b8870f2b862f9430,1,680000000000000,61006346,167283,4929657,1742994065,0x719c6344c3a27a810d61ecbef2b6496ee89b454384051d68b98e8c3ac2bb1318,NewSale
0xC0DEc165A5d6e6766Fbc35c977f89535899D0411,74893,0xbc2d6E7c81E7f35473b3594031FCC4c519fD24Ad,0,0x4d023f0044a8f4daa3ef94aaac4bf4ee85c933b6,1,249999990000000,61980000,142189,4929677,1742994105,0x97107f8d2c4330ebfe5214506329380de54dd1b87163f66ac77347557cd16fe5,NewSale
0x69E9Af83edF0Ea708f6FAa57AD1fc8711e1B3125,74853,0xdc0F91C5a4D200FfC21658901c77c0fE1A14d199,0,0x55d8c8d7efbb29ba33ded6fe988aa4559a4d54ec,1,690000000000000,62800000,150183,4929717,1742994185,0x02c0364d66b64fff04340003c436e7b0055894dd387380ea282cdda4995f7be0,NewSale
0xeF0Ef28b882d166B732d00A01Ea762B9CCd3FE44,74859,0xbc2d6E7c81E7f35473b3594031FCC4c519fD24Ad,1,0x9c952fc22ad42a56a7399feb9879b0e696099798,1,250000000000000,62860000,159289,4929731,1742994213,0xbb922e4768701b75eca016e0aebbd3862644e0dc122c1b952e5e9e533c452a7d,NewSale
0x09c1CAabC298A9a550D929909638e79D306f6F36,74887,0xbc2d6E7c81E7f35473b3594031FCC4c519fD24Ad,0,0x9c952fc22ad42a56a7399feb9879b0e696099798,1,250000000000000,62700000,140578,4929751,1742994253,0x0e856903ed8f680acf8b22b8dbd188367b2794e04811f0e541a9f526e6eac427,NewSale
0x9C952fc22AD42A56A7399fEB9879b0E696099798,74904,0xbc2d6E7c81E7f35473b3594031FCC4c519fD24Ad,0,0x09f5a7550d8889602e18acec711bdd7466f4fd88,1,200000000000000,62722837,157678,4929767,1742994285,0x6d0e1617e253a7b0670e786bac4ddee5d10da1142f2afe54ad1e313552827d6e,NewSale
0x8B7D7FA1F1e110A61F380ad7345e5C7287363532,74680,0xbc2d6E7c81E7f35473b3594031FCC4c519fD24Ad,1,0x575768a6e79f5b1d52aedd9d79609f0a987c96ef,1,280000000000000,62570000,135778,4929789,1742994329,0xd7bead1617a6456788eaa332e2d76e4adbc266eaa15e565352383b78ab6abf1a,NewSale
0xeF0Ef28b882d166B732d00A01Ea762B9CCd3FE44,74910,0xbc2d6E7c81E7f35473b3594031FCC4c519fD24Ad,1,0x9c952fc22ad42a56a7399feb9879b0e696099798,1,244500000000000,60480000,142189,4929849,1742994449,0x62ac913fa5c3d0d8f77590f9c4f7ea7f8b8096db7c5c125575ca97c89557b72c,NewSale
0xC0DEc165A5d6e6766Fbc35c977f89535899D0411,74893,0xbc2d6E7c81E7f35473b3594031FCC4c519fD24Ad,0,0x9c952fc22ad42a56a7399feb9879b0e696099798,1,249999990000000,59730000,142201,4929867,1742994485,0x31441421e55a5c6c093d512def80b16017562c87854cc65a10addb8e6f8b6b58,NewSale
0x09c1CAabC298A9a550D929909638e79D306f6F36,74900,0xbc2d6E7c81E7f35473b3594031FCC4c519fD24Ad,0,0x41d9a375fe970b63a84a4a2cb23a418697c90184,1,240000000000000,59870000,157666,4929872,1742994495,0x58438677d7ed49f4884f7e7e2f87c0fb76466ae989d1bd326581a00a7b7b5476,NewSale
0xFa881362478A4fbaBfe76b46bE941AC8eE0408c6,74875,0xbc2d6E7c81E7f35473b3594031FCC4c519fD24Ad,0,0xc1451cc42abe568c9b929a2b8cff888ca6920529,1,500000000000000,59997794,152890,4929881,1742994513,0x9fdfa17c0f7b1812a44fdde1993cd868442398922a788c0aaf9c44c300b88755,NewSale
0x09c1CAabC298A9a550D929909638e79D306f6F36,74903,0xbc2d6E7c81E7f35473b3594031FCC4c519fD24Ad,0,0x22e02f425620b33c4179fbdd0a3077fc9011d82c,1,240000000000000,59867245,135766,4929887,1742994525,0xfe211210955d0e8ddc41950bff31189aceb1ec21465127f9858fff446b8db823,NewSale
0xcb3EDeC5bACFc0fa6b08e2721B6AF830B379EBC8,74913,0xbc2d6E7c81E7f35473b3594031FCC4c519fD24Ad,0,0x41d9a375fe970b63a84a4a2cb23a418697c90184,1,239900000000000,60270000,140578,4929890,1742994531,0xae1c4614abb24ccce19613ee0117dbf56d27a007bb1caf9332d49328221404d8,NewSale
0xC0DEc165A5d6e6766Fbc35c977f89535899D0411,74893,0xbc2d6E7c81E7f35473b3594031FCC4c519fD24Ad,0,0xe874ec5cf8d22f2277433fc548bed68ba9176d84,1,249999990000000,59673149,142201,4929892,1742994535,0x2f9d7baf1f43baa50448e1786fe2a78df5c84a33b45b454c38709c1f6de31ecf,NewSale
0xC0DEc165A5d6e6766Fbc35c977f89535899D0411,74893,0xbc2d6E7c81E7f35473b3594031FCC4c519fD24Ad,0,0x09c1caabc298a9a550d929909638e79d306f6f36,1,249999990000000,59492194,159301,4929899,1742994549,0x78eae8d11316901d99e092dd75fc9b6e40510169f46e5431ea1f13fbc0ba5311,NewSale
0xeF0Ef28b882d166B732d00A01Ea762B9CCd3FE44,74910,0xbc2d6E7c81E7f35473b3594031FCC4c519fD24Ad,1,0x41d9a375fe970b63a84a4a2cb23a418697c90184,1,244500000000000,59740000,159289,4929903,1742994557,0x5647cdba871fddfe3db3feab561242b5a695aedd45e57e055ebfc5d6a895d6f0,NewSale
0xeF0Ef28b882d166B732d00A01Ea762B9CCd3FE44,74910,0xbc2d6E7c81E7f35473b3594031FCC4c519fD24Ad,1,0x41d9a375fe970b63a84a4a2cb23a418697c90184,1,244500000000000,59260000,142189,4929918,1742994587,0x62b53d67d2b4ad9461194fefaab0d65366462c3ae8ec7d57f290816f697f3486,NewSale
0xC0DEc165A5d6e6766Fbc35c977f89535899D0411,74786,0xbc2d6E7c81E7f35473b3594031FCC4c519fD24Ad,0,0x575768a6e79f5b1d52aedd9d79609f0a987c96ef,1,265000000000000,59190000,142189,4929926,1742994603,0xc966664717a2fc4847d34b8ff1d3da120ff2a9f0898dc840f808737749bff9c7,NewSale
0xeF0Ef28b882d166B732d00A01Ea762B9CCd3FE44,74910,0xbc2d6E7c81E7f35473b3594031FCC4c519fD24Ad,1,0x41d9a375fe970b63a84a4a2cb23a418697c90184,1,244500000000000,59190000,142189,4929930,1742994611,0xd9b33974776317293f04e373ccfd48563fae029fcddcfcf07893df7ab71937f8,NewSale
0xC0DEc165A5d6e6766Fbc35c977f89535899D0411,74893,0xbc2d6E7c81E7f35473b3594031FCC4c519fD24Ad,0,0x41d9a375fe970b63a84a4a2cb23a418697c90184,1,249999990000000,59050000,142201,4929945,1742994641,0x3b7bfb011e877c868ad6603350e6c29b864ee1dab0a0cadaaf3b0413964a8251,NewSale
0xeF0Ef28b882d166B732d00A01Ea762B9CCd3FE44,74910,0xbc2d6E7c81E7f35473b3594031FCC4c519fD24Ad,1,0x229f3b207dca10def465792821cfc382c5472f1b,1,244500000000000,58618617,159289,4929950,1742994651,0x90688db7745b83025f775a112507a35a9a99e176ade2f6fb64db35856e7a7cf3,NewSale
0xf9496Be6e73Bd01ab40aF220d3ea23503eA6C6C9,74917,0xbc2d6E7c81E7f35473b3594031FCC4c519fD24Ad,0,0x41d9a375fe970b63a84a4a2cb23a418697c90184,1,100000000000000,59000000,140578,4929957,1742994665,0xb6c2feab0f59e5f8871ed1bb27f4670d9556dafdc485773a03c0d3617e4f8b31,NewSale
0x9C952fc22AD42A56A7399fEB9879b0E696099798,74909,0xbc2d6E7c81E7f35473b3594031FCC4c519fD24Ad,1,0xac6ee7664f0664f3729c18a02a6104bc32ad2046,1,250000000000000,58876652,157678,4929991,1742994733,0xd4789167d77967ca4c769093afeae69d11fe4f1e7f6e839548670ff1aa9e04d6,NewSale
0x69E9Af83edF0Ea708f6FAa57AD1fc8711e1B3125,74866,0xdc0F91C5a4D200FfC21658901c77c0fE1A14d199,0,0x997b82ef537cac78e8f2a2a0c7a765a1df93dd4b,1,680000000000000,58886270,150183,4929993,1742994737,0xb635f75f782209410eaf9663c58f530919b7f9f5f6cc1a7edb37f6258f110cfb,NewSale
0xC0DEc165A5d6e6766Fbc35c977f89535899D0411,74779,0xbc2d6E7c81E7f35473b3594031FCC4c519fD24Ad,0,0x22e02f425620b33c4179fbdd0a3077fc9011d82c,1,269999990000000,59715665,142201,4930045,1742994841,0x2ce4f352a6257d317800b05baa9bf91c524eb90cc434904c7ad67ff756cb9ae2,NewSale
0xeF0Ef28b882d166B732d00A01Ea762B9CCd3FE44,74910,0xbc2d6E7c81E7f35473b3594031FCC4c519fD24Ad,1,0x2f0f7f3f607f5fb52ca20e8ebc6387c5d4577a7a,1,244500000000000,59642452,142189,4930052,1742994855,0xe7c6d9e3f2778ae5e8471428f318d8969a96f1e11f0a1ebf39e6ce2d343c0b85,NewSale
0x41d9A375fe970B63a84a4A2cb23A418697C90184,74922,0xbc2d6E7c81E7f35473b3594031FCC4c519fD24Ad,0,0x2f0f7f3f607f5fb52ca20e8ebc6387c5d4577a7a,1,220000000000000,59427101,140578,4930077,1742994905,0xfadd474eceb326cc1c30c986f64ba694ad8eac721c5760baf31436b11b2e9fd8,NewSale
0x41d9A375fe970B63a84a4A2cb23A418697C90184,74920,0xbc2d6E7c81E7f35473b3594031FCC4c519fD24Ad,0,0x43b94132d4384bceb7f4f8573f577ee108b8d8a0,1,230000000000000,59550000,140578,4930082,1742994915,0x58f7ccec1cb394dc610b9dddd2a1c2e75326ae5e75e1314f9c8d0c99af02787e,NewSale
0xcb3EDeC5bACFc0fa6b08e2721B6AF830B379EBC8,74918,0xbc2d6E7c81E7f35473b3594031FCC4c519fD24Ad,0,0xac6ee7664f0664f3729c18a02a6104bc32ad2046,1,238000000000000,59025007,140578,4930101,1742994953,0x69e08858adc328907ecc9f0907ed5ab68d1cdf06e496bb047b17977e9f0f8fab,NewSale
0x41d9A375fe970B63a84a4A2cb23A418697C90184,74932,0xbc2d6E7c81E7f35473b3594031FCC4c519fD24Ad,1,0xac6ee7664f0664f3729c18a02a6104bc32ad2046,1,200000000000000,59401757,140578,4930118,1742994987,0x24e3b40db51bda75a14ac00c62fcba89597f5d5d6eda8ec3ede3afefd6b9d0cf,NewSale
0x41d9A375fe970B63a84a4A2cb23A418697C90184,74927,0xbc2d6E7c81E7f35473b3594031FCC4c519fD24Ad,0,0xd70c8953a1666604cb1e22f8db6e2e25b2912452,1,230000000000000,58523717,140578,4930131,1742995013,0x6e6e3a8007486a929aebeabf8f1d40cc42d30691c6133633aafa35f54e0bc146,NewSale
0x41d9A375fe970B63a84a4A2cb23A418697C90184,74928,0xbc2d6E7c81E7f35473b3594031FCC4c519fD24Ad,1,0xac6ee7664f0664f3729c18a02a6104bc32ad2046,1,230000000000000,59353775,140578,4930132,1742995015,0xdab563aa820f7ab50f6a1535bc68a7993e747266da2b3f213ba80b59559b0e91,NewSale
0x41d9A375fe970B63a84a4A2cb23A418697C90184,74926,0xbc2d6E7c81E7f35473b3594031FCC4c519fD24Ad,0,0xac6ee7664f0664f3729c18a02a6104bc32ad2046,1,220000000000000,59043080,135778,4930144,1742995039,0x28cda8de085f4f6f331c436c48ee3753126e14966ce1e4b46b876143427cbad6,NewSale
0x41d9A375fe970B63a84a4A2cb23A418697C90184,74930,0xbc2d6E7c81E7f35473b3594031FCC4c519fD24Ad,1,0xd70c8953a1666604cb1e22f8db6e2e25b2912452,1,230000000000000,58742435,152878,4930154,1742995059,0x9fa1c24b0613f323f0c5d29b7ab85bc146e2ff4e575d1967f3e058a13278aa6b,NewSale
0xeF0Ef28b882d166B732d00A01Ea762B9CCd3FE44,74910,0xbc2d6E7c81E7f35473b3594031FCC4c519fD24Ad,1,0xd70c8953a1666604cb1e22f8db6e2e25b2912452,1,244500000000000,58967093,142189,4930176,1742995103,0x8a5e694cfde3e66201f9d28b5141c29d9ae0ea5593efcb7db662efaf36a12aff,NewSale
0xc1451cC42ABE568C9B929A2b8cFf888cA6920529,74919,0xbc2d6E7c81E7f35473b3594031FCC4c519fD24Ad,0,0xfa881362478a4fbabfe76b46be941ac8ee0408c6,1,500000000000000,59817507,152890,4930189,1742995129,0xbaadbe978485a17aa9943fd9181ed8847dbd5aadf0f66ce9732b588d60425999,NewSale
0xcb3EDeC5bACFc0fa6b08e2721B6AF830B379EBC8,74934,0xbc2d6E7c81E7f35473b3594031FCC4c519fD24Ad,0,0xd70c8953a1666604cb1e22f8db6e2e25b2912452,1,237000000000000,59345970,140578,4930198,1742995147,0x12cba5a436733ebd3e4cf47cac909188d1cb69f59c5ad9d1febfff78f524af15,NewSale
0xC0DEc165A5d6e6766Fbc35c977f89535899D0411,74550,0xbc2d6E7c81E7f35473b3594031FCC4c519fD24Ad,0,0x64ecbad4fe1b5c68b2b5214480a6a7d49183a6a7,1,279999990000000,60110000,159301,4930229,1742995209,0xd57bb4380396a67d874ea87394aa833d52ea6c6552f6d7f2bdebdb5a2600c39c,NewSale
0xf9496Be6e73Bd01ab40aF220d3ea23503eA6C6C9,74939,0xbc2d6E7c81E7f35473b3594031FCC4c519fD24Ad,0,0x43b94132d4384bceb7f4f8573f577ee108b8d8a0,1,100000000000000,60130000,140578,4930239,1742995229,0x12741ddcc72587273c60ed634bc52623ea021279ce8f75f37e282fd1ae71652e,NewSale
0x916C0439fD3863C3b9A0124dB639386B7cf9966a,74463,0xbc2d6E7c81E7f35473b3594031FCC4c519fD24Ad,0,0x64ecbad4fe1b5c68b2b5214480a6a7d49183a6a7,1,286000000000000,60130000,140590,4930240,1742995231,0x09869d2d54ef5bbdf64cef2ba37ab0a8e771bb6c36847a2b5cac995c3fdb15a3,NewSale
0xcb3EDeC5bACFc0fa6b08e2721B6AF830B379EBC8,74942,0xbc2d6E7c81E7f35473b3594031FCC4c519fD24Ad,0,0x3b6a5d2a014c2842840aaeb63da3910baa02e0ba,1,236000000000000,60797801,135778,4930257,1742995265,0xef0cbb1dd7d78fd0d1e9f4cc4b2e08f1e143cae7ee7632cc8d2b26dd37dc856b,NewSale
0x711566702453FeD72B5f5ab4D88fd5C92d38E06a,71703,0xdc0F91C5a4D200FfC21658901c77c0fE1A14d199,0,0x71199821b9d0eccfd5087747afcab867344a353f,1,790000000000000,60460000,150183,4930262,1742995275,0x80bcd1817ac283588c3dfd82144812692b3470158c98654bc6c699640738dd18,NewSale
0x916C0439fD3863C3b9A0124dB639386B7cf9966a,74480,0xbc2d6E7c81E7f35473b3594031FCC4c519fD24Ad,0,0x64ecbad4fe1b5c68b2b5214480a6a7d49183a6a7,1,286000000000000,60930000,140590,4930269,1742995289,0x5b767762a99833d32d0986b96fa2cc445c3406f8299914f97ff19af121c281e7,NewSale
0xeF0Ef28b882d166B732d00A01Ea762B9CCd3FE44,74910,0xbc2d6E7c81E7f35473b3594031FCC4c519fD24Ad,1,0x3b6a5d2a014c2842840aaeb63da3910baa02e0ba,1,244500000000000,61064791,142189,4930275,1742995301,0xa9478289747347721f1169d72826d148060bcbcc74dc48f9265bee0e791205bd,NewSale
0x09f5A7550d8889602E18AcEC711bdD7466f4Fd88,74937,0xbc2d6E7c81E7f35473b3594031FCC4c519fD24Ad,0,0x88466d992243e5806117f9c4be2c1bec89fc0528,1,230000000000000,61033644,152878,4930280,1742995311,0x25474f6bfb9a318273e85e14c8b71e0971bb9ac452cac1208d13b0b5f33c0a8a,NewSale
0x09c1CAabC298A9a550D929909638e79D306f6F36,74929,0xbc2d6E7c81E7f35473b3594031FCC4c519fD24Ad,0,0x88466d992243e5806117f9c4be2c1bec89fc0528,1,240000000000000,61843199,135766,4930298,1742995347,0x5cd660fe6529174fb047a1ca8426540988c2809172bc8ccaefad6489e763395d,NewSale
0xdc88f21d907B77710D24125AcA3ff34E3F549596,73986,0xdc0F91C5a4D200FfC21658901c77c0fE1A14d199,0,0xb9deb81ce0ec8fde918e49aaf3734e753a309844,1,4900000,61470000,198868,4930299,1742995349,0xa60d9d8998a492f48d057a1e2f79ea026ba2dc4af7bb0a8ab6b34d9df1036c2a,NewSale
0xeF0Ef28b882d166B732d00A01Ea762B9CCd3FE44,74910,0xbc2d6E7c81E7f35473b3594031FCC4c519fD24Ad,1,0x536b5b274e37e0eaf22442c4c9dbdefc60fcb615,1,244500000000000,100000000,159289,4930312,1742995375,0x66470fac477f909b5d25abb51a15bb31b9db360aa8054702604fffeda4ee32fe,NewSale
0xeF0Ef28b882d166B732d00A01Ea762B9CCd3FE44,74910,0xbc2d6E7c81E7f35473b3594031FCC4c519fD24Ad,1,0xaee09af04285e02d19f05ff608c7548c3ca56730,1,244500000000000,61810000,159289,4930320,1742995391,0x4fbb35235fa792b6e2cb8634da6b9b78172c91ba043f1181018fcdb8a54c0b9a,NewSale
0xC0DEc165A5d6e6766Fbc35c977f89535899D0411,74893,0xbc2d6E7c81E7f35473b3594031FCC4c519fD24Ad,0,0x278f468780c051736ff11cb0a2c4851c8a5e0213,1,249999990000000,62639486,142201,4930325,1742995401,0x3c800a5dd999b945214f4b4b36646276e35b601114ad7a2dd4129b03c10a4708,NewSale
0xeF0Ef28b882d166B732d00A01Ea762B9CCd3FE44,74910,0xbc2d6E7c81E7f35473b3594031FCC4c519fD24Ad,1,0x88466d992243e5806117f9c4be2c1bec89fc0528,1,244500000000000,62714353,159289,4930327,1742995405,0x1c5e4173945986186ad3bbab7594f81796a4b1060ea6c52318ae22280eb1b515,NewSale
0xC0DEc165A5d6e6766Fbc35c977f89535899D0411,74893,0xbc2d6E7c81E7f35473b3594031FCC4c519fD24Ad,0,0x09f5a7550d8889602e18acec711bdd7466f4fd88,1,249999990000000,62916651,159301,4930338,1742995427,0x517cfe7b487817ec4021d79e0d2467867dda5515222322b707834ec17b481f36,NewSale
0xeF0Ef28b882d166B732d00A01Ea762B9CCd3FE44,74910,0xbc2d6E7c81E7f35473b3594031FCC4c519fD24Ad,1,0xaee09af04285e02d19f05ff608c7548c3ca56730,1,244500000000000,62290000,142189,4930341,1742995433,0xcbcdef6bd9884710d3257a0b2ef7bce7946bad091a2de5c215c4c31baf2610e4,NewSale
0xeF0Ef28b882d166B732d00A01Ea762B9CCd3FE44,74910,0xbc2d6E7c81E7f35473b3594031FCC4c519fD24Ad,1,0x88466d992243e5806117f9c4be2c1bec89fc0528,1,244500000000000,63605976,142189,4930342,1742995435,0xb8cd58f8b35551162016e05598430a398c7903102f30fcf14f2ae747d7717a79,NewSale
0xFa881362478A4fbaBfe76b46bE941AC8eE0408c6,74946,0xbc2d6E7c81E7f35473b3594031FCC4c519fD24Ad,0,0xc1451cc42abe568c9b929a2b8cff888ca6920529,1,500000000000000,63681187,152890,4930354,1742995459,0x6e9bd2dd041048f3d955fec7f0d97f0d55bb94cdc8044d3e43de0d17c155f049,NewSale
0x9C952fc22AD42A56A7399fEB9879b0E696099798,74923,0xbc2d6E7c81E7f35473b3594031FCC4c519fD24Ad,0,0x536b5b274e37e0eaf22442c4c9dbdefc60fcb615,1,250000000000000,100000000,140578,4930356,1742995463,0xd630646a81c4a7f857fd9cd7d9d30c7ec3901dba47949c9b8e3084392724a71c,NewSale
0xeF0Ef28b882d166B732d00A01Ea762B9CCd3FE44,74910,0xbc2d6E7c81E7f35473b3594031FCC4c519fD24Ad,1,0x88466d992243e5806117f9c4be2c1bec89fc0528,1,244500000000000,63763466,142189,4930358,1742995467,0x66d02f84b5c4399c0dc6b8bd068f61249525124f53f328da20f007289e964706,NewSale
0xC0DEc165A5d6e6766Fbc35c977f89535899D0411,74893,0xbc2d6E7c81E7f35473b3594031FCC4c519fD24Ad,0,0xaee09af04285e02d19f05ff608c7548c3ca56730,1,249999990000000,63300000,142201,4930358,1742995467,0x86eb5c17db81977a6c03ddc6c6aa617e303bb946c8f085a22f299f2fe31d5078,NewSale
0xC0DEc165A5d6e6766Fbc35c977f89535899D0411,74893,0xbc2d6E7c81E7f35473b3594031FCC4c519fD24Ad,0,0xaee09af04285e02d19f05ff608c7548c3ca56730,1,249999990000000,63210000,142201,4930371,1742995493,0xdf9e59f09983ca014cda8d62c826e60fb166c2dd09ec13bdd97786ce468de201,NewSale
0xeF0Ef28b882d166B732d00A01Ea762B9CCd3FE44,74910,0xbc2d6E7c81E7f35473b3594031FCC4c519fD24Ad,1,0x88466d992243e5806117f9c4be2c1bec89fc0528,1,244500000000000,63982617,140578,4930373,1742995497,0xc84445e4f63ffea3a73db28a6847dea3d65d2728808bc26ea58d84b9fcc4059e,NewSale
0xC0DEc165A5d6e6766Fbc35c977f89535899D0411,74893,0xbc2d6E7c81E7f35473b3594031FCC4c519fD24Ad,0,0x88466d992243e5806117f9c4be2c1bec89fc0528,1,249999990000000,64475093,142201,4930395,1742995541,0x064e1f1d2839934607505d0858759c1385867b36a9efa65939f0a0a38f61d5b1,NewSale
0xC0DEc165A5d6e6766Fbc35c977f89535899D0411,74893,0xbc2d6E7c81E7f35473b3594031FCC4c519fD24Ad,0,0xaee09af04285e02d19f05ff608c7548c3ca56730,1,249999990000000,64010000,142201,4930399,1742995549,0x297c6eb2a9009b7e1a0dad765a0f1b1c053ebdc8e95a68cc9a7c8f582083af38,NewSale
0x9C952fc22AD42A56A7399fEB9879b0E696099798,74924,0xbc2d6E7c81E7f35473b3594031FCC4c519fD24Ad,1,0x536b5b274e37e0eaf22442c4c9dbdefc60fcb615,1,250000000000000,100000000,135778,4930401,1742995553,0xcf830a987293cdc7554b97b09c62585e09a0bc8bd65dc2560a48949748a68ac6,NewSale
0x09f5A7550d8889602E18AcEC711bdD7466f4Fd88,74950,0xbc2d6E7c81E7f35473b3594031FCC4c519fD24Ad,0,0x88466d992243e5806117f9c4be2c1bec89fc0528,1,220000000000000,64542045,135778,4930417,1742995585,0x18f4bd5cfc62b50ac7f15ad8f2e52fe49aae6ebe257fff6e413be2de89d34afe,NewSale
0xC0DEc165A5d6e6766Fbc35c977f89535899D0411,74777,0xbc2d6E7c81E7f35473b3594031FCC4c519fD24Ad,0,0x536b5b274e37e0eaf22442c4c9dbdefc60fcb615,1,259999990000000,100000000,142201,4930437,1742995625,0x0053b8d61913dc1e3b26b3a866525554515d0e8e7bddbbc4e3aa4f2347e7a1cb,NewSale
0x278F468780C051736FF11cB0A2C4851C8a5E0213,74951,0xbc2d6E7c81E7f35473b3594031FCC4c519fD24Ad,0,0x88466d992243e5806117f9c4be2c1bec89fc0528,1,248000000000000,65742593,140578,4930450,1742995651,0x9ad1d2a9f3e3ab2aea5f65f04e5c55f10edb3cc590a7258c0a941eb308bb848d,NewSale
0xC0DEc165A5d6e6766Fbc35c977f89535899D0411,74786,0xbc2d6E7c81E7f35473b3594031FCC4c519fD24Ad,0,0xd70c8953a1666604cb1e22f8db6e2e25b2912452,1,265000000000000,65556410,142189,4930461,1742995673,0x7f3f5aeb6066db2774eb3743ea7981d7e29f6ffe053b4cad39b0bba692e606c3,NewSale
0xeF0Ef28b882d166B732d00A01Ea762B9CCd3FE44,74952,0xbc2d6E7c81E7f35473b3594031FCC4c519fD24Ad,1,0x88466d992243e5806117f9c4be2c1bec89fc0528,1,245000000000000,65911876,142189,4930464,1742995679,0x50c254f69fdd56167457343bee33f84435cfb6b73f7d94b6ebe40ffb2a5e0765,NewSale
0x278F468780C051736FF11cB0A2C4851C8a5E0213,74953,0xbc2d6E7c81E7f35473b3594031FCC4c519fD24Ad,0,0xd70c8953a1666604cb1e22f8db6e2e25b2912452,1,248000000000000,66081863,135778,4930482,1742995715,0xfcdc777d6ebca3341fd9aca4ee8c79adff4fdb818b2279483d04677ce44f094c,NewSale
0xC0DEc165A5d6e6766Fbc35c977f89535899D0411,74777,0xbc2d6E7c81E7f35473b3594031FCC4c519fD24Ad,0,0x536b5b274e37e0eaf22442c4c9dbdefc60fcb615,1,259999990000000,100000000,142201,4930494,1742995739,0x9983bda1358c215db85a9c99056ade939c5654072ef85552a8c58ca32f8f7bf0,NewSale
0xeF0Ef28b882d166B732d00A01Ea762B9CCd3FE44,74952,0xbc2d6E7c81E7f35473b3594031FCC4c519fD24Ad,1,0xd70c8953a1666604cb1e22f8db6e2e25b2912452,1,245000000000000,66828775,142189,4930504,1742995759,0x8d2957338232ce310318dc078dfcceb3c7a140912a6e1f296f192636d4458a4f,NewSale
0xC0DEc165A5d6e6766Fbc35c977f89535899D0411,74777,0xbc2d6E7c81E7f35473b3594031FCC4c519fD24Ad,0,0x8f2017f41fbf2af9e0afd3630f805fe7caf91f2e,1,259999990000000,66940000,159301,4930512,1742995775,0xf236297e68371db2db48475ea84d58e5e6455592748b8c5d72ab8b1512583067,NewSale
0xeF0Ef28b882d166B732d00A01Ea762B9CCd3FE44,74952,0xbc2d6E7c81E7f35473b3594031FCC4c519fD24Ad,1,0xd70c8953a1666604cb1e22f8db6e2e25b2912452,1,245000000000000,67117472,142189,4930526,1742995803,0xd72f6e188dcc3bbda29bdc4630388bdc11ec59853e3fb9790e04de995e82a115,NewSale
0xC0DEc165A5d6e6766Fbc35c977f89535899D0411,74893,0xbc2d6E7c81E7f35473b3594031FCC4c519fD24Ad,0,0x09f5a7550d8889602e18acec711bdd7466f4fd88,1,249999990000000,67303826,159301,4930538,1742995827,0xaedf06078da0b377ce8fe70d3de6951c47f0180d44dcc55e30b72fa0c4ec6404,NewSale
0xC0DEc165A5d6e6766Fbc35c977f89535899D0411,74777,0xbc2d6E7c81E7f35473b3594031FCC4c519fD24Ad,0,0x536b5b274e37e0eaf22442c4c9dbdefc60fcb615,1,259999990000000,100000000,142201,4930547,1742995845,0x4880545529d47fb7b2ccbd0d191fc74d285c179ced797fe293a799a3b6f5bcd9,NewSale
0xC0DEc165A5d6e6766Fbc35c977f89535899D0411,74893,0xbc2d6E7c81E7f35473b3594031FCC4c519fD24Ad,0,0xd70c8953a1666604cb1e22f8db6e2e25b2912452,1,249999990000000,67273361,142201,4930548,1742995847,0x8b1c82355e8afd05b74a17797e1813f4b545f63d8f15a35254ec42d9fa455aa8,NewSale
0xC0DEc165A5d6e6766Fbc35c977f89535899D0411,74893,0xbc2d6E7c81E7f35473b3594031FCC4c519fD24Ad,0,0x0051e4da50957059406f217e5a2888e40c4be8c5,1,249999990000000,67418688,142189,4930553,1742995857,0xa1d8eb6da1326f22401d5cab176f5414ec12d3f5e135bedd28fe7a133c4c3b90,NewSale
0xac6Ee7664F0664F3729C18A02a6104BC32ad2046,74944,0xdc0F91C5a4D200FfC21658901c77c0fE1A14d199,0,0x164609fe5ae90ee2110fb9df0b8e434e4ea313e3,1,400000000000000,67330000,168882,4930560,1742995871,0xfea73184a14fedaaadf366d9e4c1ded77c206f2a1dda938b4a2a071d7d992bf4,NewSale
0xE903114f763d7E381fd6583861654459Ef9F917e,74958,0xbc2d6E7c81E7f35473b3594031FCC4c519fD24Ad,0,0x278f468780c051736ff11cb0a2c4851c8a5e0213,1,150000000000000,67983122,157678,4930567,1742995885,0x2a5175c4e6a7489e9be878a0037ca281cd4282b3a84d40bbecd2460fcc59da0e,NewSale
0xC0DEc165A5d6e6766Fbc35c977f89535899D0411,74893,0xbc2d6E7c81E7f35473b3594031FCC4c519fD24Ad,0,0x536b5b274e37e0eaf22442c4c9dbdefc60fcb615,1,249999990000000,100000000,142201,4930584,1742995919,0x8e8d4fbbd2675d2d1f1221e6585041fb3e6f0953ed3837ffb960e0f50e0c3a3f,NewSale
0xaEE09aF04285e02d19F05FF608c7548C3ca56730,74957,0xbc2d6E7c81E7f35473b3594031FCC4c519fD24Ad,0,0x278f468780c051736ff11cb0a2c4851c8a5e0213,1,249999990000000,68563737,140590,4930584,1742995919,0xa6d80bca5fc3e2e16c0f12b0990fba69b13a69b769e1921373cbd21b50c27e92,NewSale
0xac6Ee7664F0664F3729C18A02a6104BC32ad2046,74944,0xdc0F91C5a4D200FfC21658901c77c0fE1A14d199,0,0xfb872617e6690f4ae5ddd699147c4ae7a1ba97d9,1,400000000000000,68340895,145371,4930589,1742995929,0x6b5ac274f2baf531fb3521b2a4499e38652c376936ca109806dbe9cdc0adebc8,NewSale
0xC0DEc165A5d6e6766Fbc35c977f89535899D0411,74786,0xbc2d6E7c81E7f35473b3594031FCC4c519fD24Ad,0,0xc842df6bc2aa7f622ec8d4a43ce89cbe464d51f5,1,265000000000000,68644700,142189,4930599,1742995949,0x197ad6f180bfbbd4b7516112e2f331192bdc35bf9c1008a535ee3801caa24ab6,NewSale
0xaEE09aF04285e02d19F05FF608c7548C3ca56730,74959,0xbc2d6E7c81E7f35473b3594031FCC4c519fD24Ad,0,0x536b5b274e37e0eaf22442c4c9dbdefc60fcb615,1,249999990000000,100000000,140590,4930629,1742996009,0x14844a27a63a453f1f9839b4325a4b7ee8da11d538173fabfbd0bf7940c381ad,NewSale
0xf9496Be6e73Bd01ab40aF220d3ea23503eA6C6C9,74961,0xbc2d6E7c81E7f35473b3594031FCC4c519fD24Ad,0,0xec30630b495fa07e123aaeafac9ee6ffe68288c7,1,100000000000000,69340000,140578,4930642,1742996035,0xfadd20f5fd4f88d2b776d865a667eb08b2362d1aaad0f00841af85e976db6db6,NewSale
0xC0DEc165A5d6e6766Fbc35c977f89535899D0411,74550,0xbc2d6E7c81E7f35473b3594031FCC4c519fD24Ad,0,0x64ecbad4fe1b5c68b2b5214480a6a7d49183a6a7,1,279999990000000,69270000,142201,4930650,1742996051,0xe5d12a87195f532aed43a4db4b3eab951e7515816a4610a963c433c36660ab95,NewSale
0x916C0439fD3863C3b9A0124dB639386B7cf9966a,74466,0xbc2d6E7c81E7f35473b3594031FCC4c519fD24Ad,0,0x64ecbad4fe1b5c68b2b5214480a6a7d49183a6a7,1,286000000000000,69480000,140590,4930662,1742996075,0x98218568b143624dc728aece354120cef42af29514ea4a69de4952488faf8e5d,NewSale
0xC0DEc165A5d6e6766Fbc35c977f89535899D0411,74777,0xbc2d6E7c81E7f35473b3594031FCC4c519fD24Ad,0,0x0051e4da50957059406f217e5a2888e40c4be8c5,1,259999990000000,69383161,142189,4930667,1742996085,0x1056fd1188fe858edfd31d45b9e6392b2ad1dea8a6d95593695b94f1c73224bc,NewSale
0xc1451cC42ABE568C9B929A2b8cFf888cA6920529,74954,0xbc2d6E7c81E7f35473b3594031FCC4c519fD24Ad,0,0xfa881362478a4fbabfe76b46be941ac8ee0408c6,1,500000000000000,70014225,152890,4930669,1742996089,0x533bb31084347007d195c27d570ca5f2c41044ee818b94dd65c4ff9f9082a968,NewSale
0xeF0Ef28b882d166B732d00A01Ea762B9CCd3FE44,74952,0xbc2d6E7c81E7f35473b3594031FCC4c519fD24Ad,1,0xa1264b3433644fdb4f0c113909f317ecfe2f812b,1,245000000000000,69490000,159289,4930672,1742996095,0x267997b27a6ae998ef6029a20c85555b14ea441485a1d588266dac7a2a12dee3,NewSale
0x278F468780C051736FF11cB0A2C4851C8a5E0213,74963,0xbc2d6E7c81E7f35473b3594031FCC4c519fD24Ad,0,0xa1264b3433644fdb4f0c113909f317ecfe2f812b,1,248000000000000,70360000,140578,4930688,1742996127,0x33efdccda0eacf3554ccc8feedb2a594d1e1174ffc8a6b7dde9d1be511fd3bbb,NewSale
0xC0DEc165A5d6e6766Fbc35c977f89535899D0411,74779,0xbc2d6E7c81E7f35473b3594031FCC4c519fD24Ad,0,0xcb6abf5e44d4e9c9fb9bf89d50df32a8c801cf0b,1,269999990000000,71090084,159301,4930694,1742996139,0xa4c0fef7aa5429c319806e02316d78b15f61839b05a85f9e8536ce6502f6f351,NewSale
0xC0DEc165A5d6e6766Fbc35c977f89535899D0411,74777,0xbc2d6E7c81E7f35473b3594031FCC4c519fD24Ad,0,0x0051e4da50957059406f217e5a2888e40c4be8c5,1,259999990000000,70771797,142189,4930706,1742996163,0x97042c43155d5fc9127bde064ed2c26bd0afa8f0705ab9942cf8314aa4362066,NewSale
0x278F468780C051736FF11cB0A2C4851C8a5E0213,74967,0xbc2d6E7c81E7f35473b3594031FCC4c519fD24Ad,0,0xa1264b3433644fdb4f0c113909f317ecfe2f812b,1,248000000000000,70610000,135778,4930709,1742996169,0xe0c6b421aebce6c95e10c5aa327cd056f5d2139b488779c1afa7df114ad6bd18,NewSale
0xeF0Ef28b882d166B732d00A01Ea762B9CCd3FE44,74952,0xbc2d6E7c81E7f35473b3594031FCC4c519fD24Ad,1,0x83626fd424a4c37c382bc20219a0e8724c9f4016,1,245000000000000,71819458,159289,4930719,1742996189,0x6919b0aef19bb9d1ec5cd36fc747869b5dd3ee974f42716af903225abf5fc0d4,NewSale
0xC0DEc165A5d6e6766Fbc35c977f89535899D0411,74777,0xbc2d6E7c81E7f35473b3594031FCC4c519fD24Ad,0,0xf043df587fc106cc9d71b56ec4a7b95feceb618d,1,259999990000000,71919748,142201,4930720,1742996191,0x9a09f8176ecd40da7d3d469f8f871d480d98ccbd2ddda4aedd73cc82741d2b1c,NewSale
0xC0DEc165A5d6e6766Fbc35c977f89535899D0411,74893,0xbc2d6E7c81E7f35473b3594031FCC4c519fD24Ad,0,0xa1264b3433644fdb4f0c113909f317ecfe2f812b,1,249999990000000,71680000,142201,4930735,1742996221,0x80f25fb49b509a1f44a3c5769e90998aeaa1927f61f8a95df0382407fcaccd7d,NewSale
0x64ECBaD4FE1B5C68b2B5214480A6a7d49183A6A7,74970,0xbc2d6E7c81E7f35473b3594031FCC4c519fD24Ad,0,0x67117b1ff315095f870df6523b3b8341b0063cde,1,295000000000000,72324460,157690,4930741,1742996233,0x2820a2034dd683ef24725fdc98d5d06178a3f1b30e3323197e32b2ee37241fa5,NewSale
0x8F2017f41fBF2af9e0AFD3630F805FE7Caf91F2e,74960,0xbc2d6E7c81E7f35473b3594031FCC4c519fD24Ad,0,0x997b82ef537cac78e8f2a2a0c7a765a1df93dd4b,1,250000000000000,71679282,135778,4930742,1742996235,0x37d6c701b2ee5dc4e96c068785bf1da94cdbb17ce8f65db4764fb7245cf58177,NewSale
0xaEE09aF04285e02d19F05FF608c7548C3ca56730,74964,0xbc2d6E7c81E7f35473b3594031FCC4c519fD24Ad,0,0xa1264b3433644fdb4f0c113909f317ecfe2f812b,1,249999990000000,71810000,140590,4930756,1742996263,0x3f50987aac7343e6955ad42bf889a9fa8c343bd07b1fad318fb9f262e5770b53,NewSale
0xaEE09aF04285e02d19F05FF608c7548C3ca56730,74968,0xbc2d6E7c81E7f35473b3594031FCC4c519fD24Ad,1,0x0051e4da50957059406f217e5a2888e40c4be8c5,1,249999990000000,72413656,140578,4930763,1742996277,0x8bcfc9ba4f8c52519f49f0f958a03114deac7a3ce88e22fe01f0b76c27cbe6dc,NewSale
0xEc30630B495fa07e123AaEAFac9ee6FFE68288c7,74972,0xbc2d6E7c81E7f35473b3594031FCC4c519fD24Ad,0,0x278f468780c051736ff11cb0a2c4851c8a5e0213,1,200000000000000,72856279,157678,4930767,1742996285,0x37908e0c2f868e53be204334de1841d289019f083aac93c0979327c651cb312e,NewSale
0x904e461Dab156B9B4b888951CA633Eda6D684347,74570,0xbc2d6E7c81E7f35473b3594031FCC4c519fD24Ad,0,0xa1264b3433644fdb4f0c113909f317ecfe2f812b,1,286000000000000,72560000,140590,4930786,1742996323,0xd0a73a56855175663d91038cec9999b049c2c0a9dd013ca16fb28e48a8673db2,NewSale
0x09f5A7550d8889602E18AcEC711bdD7466f4Fd88,74969,0xbc2d6E7c81E7f35473b3594031FCC4c519fD24Ad,0,0x278f468780c051736ff11cb0a2c4851c8a5e0213,1,240000000000000,144361218,135766,4930795,1742996341,0x7aa7eaa9c39fd0977b5eee31f501bf15f5056fe4e7ec26b83b4f325295d3557d,NewSale
0xaEE09aF04285e02d19F05FF608c7548C3ca56730,74966,0xbc2d6E7c81E7f35473b3594031FCC4c519fD24Ad,1,0x67117b1ff315095f870df6523b3b8341b0063cde,1,249999990000000,144398082,152890,4930802,1742996355,0xcf900ae4866fbb7922c275bbd899f1f7e43d413b3874aa74efe7c7cd4ba0fc79,NewSale
0x77097770B0C9Fb322704dAd5b0bd18eDBa9b1Eae,74581,0xbc2d6E7c81E7f35473b3594031FCC4c519fD24Ad,0,0xa1264b3433644fdb4f0c113909f317ecfe2f812b,1,286000000000000,73330000,140590,4930806,1742996363,0xe58eac478ab53e9206cef098ccc8360adf6a6c46ff0a69b5981b6497bb03f9ff,NewSale
0xC0DEc165A5d6e6766Fbc35c977f89535899D0411,74550,0xbc2d6E7c81E7f35473b3594031FCC4c519fD24Ad,0,0x0051e4da50957059406f217e5a2888e40c4be8c5,1,279999990000000,72392062,142189,4930818,1742996387,0x7b06afd9e0ee2645259b098acbe6af055c68ecabf489161e7b8c292885ca1972,NewSale
0x8cDB213632C06DDB59381242FfFBD8e2c67Ce9a8,74585,0xbc2d6E7c81E7f35473b3594031FCC4c519fD24Ad,0,0xa1264b3433644fdb4f0c113909f317ecfe2f812b,1,286000000000000,73290000,140590,4930830,1742996411,0x912bbb897c69f178824f98e6951059a744aedb6fee349483bd6a875d52a9aa18,NewSale
0x904e461Dab156B9B4b888951CA633Eda6D684347,74583,0xbc2d6E7c81E7f35473b3594031FCC4c519fD24Ad,0,0xa1264b3433644fdb4f0c113909f317ecfe2f812b,1,286000000000000,72030000,140590,4930853,1742996457,0x06411ef074acb043a0e2ccf98c1aab287f47ca33d12d0e7f0f81a85b40b16cde,NewSale
0x77097770B0C9Fb322704dAd5b0bd18eDBa9b1Eae,74578,0xbc2d6E7c81E7f35473b3594031FCC4c519fD24Ad,0,0xa1264b3433644fdb4f0c113909f317ecfe2f812b,1,286000000000000,72030000,140590,4930876,1742996503,0x69b671993f32010e335fa5dff69ee979e4d0d83cc5e2e2c03085ea10f0b763dd,NewSale
0xEc30630B495fa07e123AaEAFac9ee6FFE68288c7,74979,0xbc2d6E7c81E7f35473b3594031FCC4c519fD24Ad,0,0x0051e4da50957059406f217e5a2888e40c4be8c5,1,210000000000000,71348321,140566,4930881,1742996513,0x8b5e357a2fe9487e2fa40a869ec337751e67f65c0b03527bbd0eed79d2fb2be6,NewSale
0x67117B1Ff315095f870df6523b3B8341b0063cDE,74981,0xbc2d6E7c81E7f35473b3594031FCC4c519fD24Ad,0,0x0051e4da50957059406f217e5a2888e40c4be8c5,1,200000000000000,70252017,135766,4930937,1742996625,0x7bd88c8b8c8164025abcd28e0828e44848d0e00af71baf6352229c0e485f841a,NewSale
0x37C9a72f7699dF5270a8C409411391F2df0EcC94,74852,0xDfC21bE7cC791a5f03A95E836D385bBC6d7dF384,1313,0x71199821b9d0eccfd5087747afcab867344a353f,1,430000000000000,68730000,150458,4930955,1742996661,0x0ea797ca0fa98e3ddbc47a2136c497c2d6c3c81dbdf4e1c4d1cc7e8c739b094d,NewSale
0x86bB7A3Fac280460042A2fe62e6f8E4BB2b69139,74940,0xdc0F91C5a4D200FfC21658901c77c0fE1A14d199,0,0x59326d6b101a2fa9fd6d45372d5344c36853d444,1,620000000000000,69817559,150183,4930963,1742996677,0xa14bafc3dab08dcfeeac19131f166cc0ce2fa77a283feba4f5fa1c3082d7e434,NewSale
0xEc30630B495fa07e123AaEAFac9ee6FFE68288c7,74987,0xbc2d6E7c81E7f35473b3594031FCC4c519fD24Ad,0,0x54be4ce1d72a5f819d1fef1af47834937d88b176,1,210000000000000,69770000,135778,4930974,1742996699,0xaa113599bf085d8fe568f8c9650c8ee837890da3706c0086badff27a107edf17,NewSale
0x164609fe5aE90Ee2110Fb9DF0b8E434e4EA313e3,74962,0xdc0F91C5a4D200FfC21658901c77c0fE1A14d199,0,0x67117b1ff315095f870df6523b3b8341b0063cde,1,610000000000000,68984753,145383,4930991,1742996733,0xcf85b9ee5903f1f8a9586d6be18b8ddb58659999124b0ab90e60a3346788803d,NewSale
0x83626fd424a4C37C382Bc20219a0e8724c9f4016,74978,0xbc2d6E7c81E7f35473b3594031FCC4c519fD24Ad,0,0x78b8f0fe872f81a61ae8e42ab6b5280255c35ec2,1,240000000000000,68790694,152866,4931005,1742996761,0xd4a4c059eeb894ff0a601022e47877bb698fa0b4c081b90103885a3bf0a74174,NewSale
0x278F468780C051736FF11cB0A2C4851C8a5E0213,74980,0xbc2d6E7c81E7f35473b3594031FCC4c519fD24Ad,0,0x83626fd424a4c37c382bc20219a0e8724c9f4016,1,245000000000000,69170230,157678,4931017,1742996785,0x8ff1aa6682ba0a8583365fae23d57b7c327d5304a73ac3e59d03d5789f1c9997,NewSale
0xeF0Ef28b882d166B732d00A01Ea762B9CCd3FE44,74952,0xbc2d6E7c81E7f35473b3594031FCC4c519fD24Ad,1,0x610f97392109f2dbaf46acb6256ccae82255edfb,1,245000000000000,68871124,159289,4931035,1742996821,0xc9ad16d067c88dac68ada661a3fd84c6f27d6639c115532d4ab8380ff2d45ace,NewSale
0x278F468780C051736FF11cB0A2C4851C8a5E0213,74982,0xbc2d6E7c81E7f35473b3594031FCC4c519fD24Ad,0,0x83626fd424a4c37c382bc20219a0e8724c9f4016,1,245000000000000,69353814,135778,4931046,1742996843,0xb4fcf0e8480c5a3dbf9f0f190ecdbcc21e955aa7d5f52c1621ab899bac2220fc,NewSale
0xC0DEc165A5d6e6766Fbc35c977f89535899D0411,74893,0xbc2d6E7c81E7f35473b3594031FCC4c519fD24Ad,0,0x83626fd424a4c37c382bc20219a0e8724c9f4016,1,249999990000000,69710672,142201,4931067,1742996885,0x0bf2eef103edce4dac4cb877b86e964684fc078a371dc756da03cc5da3b2c0c3,NewSale
0xC0DEc165A5d6e6766Fbc35c977f89535899D0411,74893,0xbc2d6E7c81E7f35473b3594031FCC4c519fD24Ad,0,0x83626fd424a4c37c382bc20219a0e8724c9f4016,1,249999990000000,68937972,142201,4931082,1742996915,0xbc7e427713da881ad7ae5924928bac538de7a1045b3c59ebe205f0366e718007,NewSale
0xC0DEc165A5d6e6766Fbc35c977f89535899D0411,74893,0xbc2d6E7c81E7f35473b3594031FCC4c519fD24Ad,0,0x2418597bb7ef21ed7d0c69dfcab5c778a2b29df7,1,249999990000000,68698764,159301,4931090,1742996931,0x7696ea01011267f6e8683ac9ac603f0638b1f2e1608a3afff13a9f2c677ef50f,NewSale
0xeF0Ef28b882d166B732d00A01Ea762B9CCd3FE44,74952,0xbc2d6E7c81E7f35473b3594031FCC4c519fD24Ad,1,0xa4f5ab7506a26f5df966a301b5ab673e614f53ef,1,245000000000000,68268712,142189,4931142,1742997035,0x27cc02254787deae567f83c49fbb4c106ca6725755831ad2d12552ffbd0e8755,NewSale
0xeF0Ef28b882d166B732d00A01Ea762B9CCd3FE44,74952,0xbc2d6E7c81E7f35473b3594031FCC4c519fD24Ad,1,0x610f97392109f2dbaf46acb6256ccae82255edfb,1,245000000000000,68631079,142189,4931155,1742997061,0xb2e4e0bc75a1a6c2cfb837c7c02df0098ee975e0e173b4ac61408cf2e30e5f88,NewSale
0xC0DEc165A5d6e6766Fbc35c977f89535899D0411,74893,0xbc2d6E7c81E7f35473b3594031FCC4c519fD24Ad,0,0x2418597bb7ef21ed7d0c69dfcab5c778a2b29df7,1,249999990000000,69910585,142201,4931197,1742997145,0x52474c8839e68e4936fd0fb2c3b7b882fcc0bbdd2551b737eb5e33b547986101,NewSale
0xeF0Ef28b882d166B732d00A01Ea762B9CCd3FE44,74952,0xbc2d6E7c81E7f35473b3594031FCC4c519fD24Ad,1,0x610f97392109f2dbaf46acb6256ccae82255edfb,1,245000000000000,71070039,142189,4931247,1742997245,0x7c0ab91b56a1788b60489cf952eed90b78077ee67bc3cfdd79574812287fc8ba,NewSale
0xeF0Ef28b882d166B732d00A01Ea762B9CCd3FE44,74952,0xbc2d6E7c81E7f35473b3594031FCC4c519fD24Ad,1,0x433400adf8b6d1fabac52a4c99521274b80e290e,1,245000000000000,70980000,135766,4931266,1742997283,0x81445351b5da11c328f586d04908629226a41df20805127e03d0c47ca574453b,NewSale
0xcB6ABF5e44D4e9C9fb9BF89D50DF32A8C801cF0b,74973,0xbc2d6E7c81E7f35473b3594031FCC4c519fD24Ad,0,0x7963071116b3bbe550153c36ca8a510e18594fd4,1,250000000000000,70257065,152878,4931287,1742997325,0xd0e19ac41e35dff02a052b7570d15e487f4219165dc5204aab23cb51259a7da7,NewSale
0xC0DEc165A5d6e6766Fbc35c977f89535899D0411,74893,0xbc2d6E7c81E7f35473b3594031FCC4c519fD24Ad,0,0x997b82ef537cac78e8f2a2a0c7a765a1df93dd4b,1,249999990000000,70607166,142201,4931310,1742997371,0xd4fedf656db5fdd65ae5cc8f0db89d2adb710e1318a83c443fe901e30a2ab59e,NewSale
0xC0DEc165A5d6e6766Fbc35c977f89535899D0411,74786,0xbc2d6E7c81E7f35473b3594031FCC4c519fD24Ad,0,0x7963071116b3bbe550153c36ca8a510e18594fd4,1,265000000000000,70958525,142189,4931315,1742997381,0xcf7a41fc56140f0d93b4e9473b4e35bb60a3c9d7c530b74a26404619d71e8db4,NewSale
0x29B30C572baB86332EE17A9b5Ae871A11376d1bD,71077,0xEB255E4669Da7FeEf1F746a5a778b4e08b65a1A7,0,0xfa881362478a4fbabfe76b46be941ac8ee0408c6,1,500000000000000,70694768,162483,4931320,1742997391,0x69a8fa4364e2cc06f948bcc4defa7b75ce99fc64d5b0c5a2d1cb6f9bfe69a8da,NewSale
0xA4F5AB7506A26F5dF966A301B5AB673e614F53ef,74998,0xbc2d6E7c81E7f35473b3594031FCC4c519fD24Ad,1,0xec30630b495fa07e123aaeafac9ee6ffe68288c7,1,244000000000000,70930000,157678,4931328,1742997407,0x8397b78350f099fa0ef3bee788a7135131dd289798fb6c35d896c60187e608ff,NewSale
0xC0DEc165A5d6e6766Fbc35c977f89535899D0411,74893,0xbc2d6E7c81E7f35473b3594031FCC4c519fD24Ad,0,0x7963071116b3bbe550153c36ca8a510e18594fd4,1,249999990000000,70639905,142201,4931341,1742997433,0xeef30d85388c3ed9797b3e298367e67011b2ac6879f85d4e555f7e45cc9f3094,NewSale
0xC0DEc165A5d6e6766Fbc35c977f89535899D0411,74893,0xbc2d6E7c81E7f35473b3594031FCC4c519fD24Ad,0,0xec30630b495fa07e123aaeafac9ee6ffe68288c7,1,249999990000000,71170000,159301,4931343,1742997437,0x73e163827a23e7905eec5f9652635edf6cb4253ce3aab4dcce6965136ea16831,NewSale
0xC0DEc165A5d6e6766Fbc35c977f89535899D0411,74893,0xbc2d6E7c81E7f35473b3594031FCC4c519fD24Ad,0,0xec30630b495fa07e123aaeafac9ee6ffe68288c7,1,249999990000000,70950000,142201,4931361,1742997473,0x14537bbc0b7bdb7476ee62c113846b83b12207f48e1661978542e1ebb4ca256e,NewSale
0xC0DEc165A5d6e6766Fbc35c977f89535899D0411,74777,0xbc2d6E7c81E7f35473b3594031FCC4c519fD24Ad,0,0x7963071116b3bbe550153c36ca8a510e18594fd4,1,259999990000000,70752521,142201,4931361,1742997473,0x1ed92062c2a7402aba7d1881414943cf6aeff79210b018966d5277c8edf13e5a,NewSale
0xC0DEc165A5d6e6766Fbc35c977f89535899D0411,74893,0xbc2d6E7c81E7f35473b3594031FCC4c519fD24Ad,0,0x673e116757fdf54a71982e6ab734457551489de3,1,249999990000000,71321105,159301,4931366,1742997483,0x04df15ccfde4186c824c7e1249a8ac96b867a630edda1f6708b00762c298b2ff,NewSale
0xC0DEc165A5d6e6766Fbc35c977f89535899D0411,74777,0xbc2d6E7c81E7f35473b3594031FCC4c519fD24Ad,0,0x7963071116b3bbe550153c36ca8a510e18594fd4,1,259999990000000,70882690,142201,4931387,1742997525,0x1f5b88dd3a0be0f1170b9984687e64062679075de50b327e74b4d167b0dcde79,NewSale
0xC0DEc165A5d6e6766Fbc35c977f89535899D0411,74893,0xbc2d6E7c81E7f35473b3594031FCC4c519fD24Ad,0,0x610f97392109f2dbaf46acb6256ccae82255edfb,1,249999990000000,71191104,142201,4931402,1742997555,0xa01a6da5d63232f6f4457b8956c14c7c35d4e1dca6f8dac6f66909468f8dcc17,NewSale
0xC0DEc165A5d6e6766Fbc35c977f89535899D0411,74893,0xbc2d6E7c81E7f35473b3594031FCC4c519fD24Ad,0,0x673e116757fdf54a71982e6ab734457551489de3,1,249999990000000,71216851,142201,4931412,1742997575,0x77df9c02e980aefd5cbf0fe74f1252ae968ce30047dcd0839ff522c56400f3bb,NewSale
0xC0DEc165A5d6e6766Fbc35c977f89535899D0411,74893,0xbc2d6E7c81E7f35473b3594031FCC4c519fD24Ad,0,0x7963071116b3bbe550153c36ca8a510e18594fd4,1,249999990000000,70868427,142201,4931428,1742997607,0x0236affce5e3bab3298b0e01c6c0adf33982dcdea25687353aea81ea2b34de37,NewSale
0xA8F02C6B221d01F8a6d8adBC88A5F85b8569CD8E,74984,0x02e21A25F0038fa5BDEe9c0b77aC0c1E84d3d6f0,1720,0x71199821b9d0eccfd5087747afcab867344a353f,1,400000000000000,71290000,155246,4931442,1742997635,0xaf21df096fdbcd16ac85506e16465454a76f8aab0e931f4d820ef4ece10f0235,NewSale
0xC0DEc165A5d6e6766Fbc35c977f89535899D0411,74893,0xbc2d6E7c81E7f35473b3594031FCC4c519fD24Ad,0,0x54be4ce1d72a5f819d1fef1af47834937d88b176,1,249999990000000,71430000,142201,4931444,1742997639,0x4c202ec29effd6f9b1defe49a5a04ef4d7317fbdeec90f4f37fea0ae6075645e,NewSale
0xA4F5AB7506A26F5dF966A301B5AB673e614F53ef,75005,0xbc2d6E7c81E7f35473b3594031FCC4c519fD24Ad,1,0x673e116757fdf54a71982e6ab734457551489de3,1,200000000000000,72168249,152878,4931456,1742997663,0x06bde677f92b76a8ce66a1187bd3bb350561bf3af386d87f2cad18539ab4a508,NewSale
0xEc30630B495fa07e123AaEAFac9ee6FFE68288c7,75004,0xbc2d6E7c81E7f35473b3594031FCC4c519fD24Ad,1,0x54be4ce1d72a5f819d1fef1af47834937d88b176,1,220000000000000,72090000,152878,4931458,1742997667,0x7e3e1a69548231c01c88c2ab8dea76077949c979714c50e6d7300931db66058b,NewSale
0xEc30630B495fa07e123AaEAFac9ee6FFE68288c7,75007,0xbc2d6E7c81E7f35473b3594031FCC4c519fD24Ad,0,0x673e116757fdf54a71982e6ab734457551489de3,1,240000000000000,72251937,140566,4931468,1742997687,0x3be872c910c10428f0ae21921d03866e8e6f5e9d4e3c4a3250b89c4f95f9f086,NewSale
0x33FD1ACc271574f6E5C2EB4A0ea1264251bA2119,75010,0xbc2d6E7c81E7f35473b3594031FCC4c519fD24Ad,0,0x673e116757fdf54a71982e6ab734457551489de3,1,240000000000000,72695456,140566,4931482,1742997715,0xcbdd70513397dde561acc36f61283dd7dac32a24793150973438de874a418f1a,NewSale
0xC0DEc165A5d6e6766Fbc35c977f89535899D0411,74893,0xbc2d6E7c81E7f35473b3594031FCC4c519fD24Ad,0,0x54be4ce1d72a5f819d1fef1af47834937d88b176,1,249999990000000,72080000,142201,4931483,1742997717,0x2eef3c50b3dc164c7eb3658dca14a09022c9bed148c75c9521e61642cde06424,NewSale
0xC0DEc165A5d6e6766Fbc35c977f89535899D0411,74893,0xbc2d6E7c81E7f35473b3594031FCC4c519fD24Ad,0,0x673e116757fdf54a71982e6ab734457551489de3,1,249999990000000,72583890,142201,4931496,1742997743,0x1d3e1ec8811a0f29e112a6bc04bde9c76d33dc66cea88197ff8c89456127b82a,NewSale
0x7963071116b3BBE550153c36cA8a510e18594fD4,75011,0xbc2d6E7c81E7f35473b3594031FCC4c519fD24Ad,0,0x673e116757fdf54a71982e6ab734457551489de3,1,240000000000000,72033415,140566,4931508,1742997767,0xfc6073122792746f763049f0178f3e0ad487162e70d248f1a2a91393caa3a627,NewSale
0xC0DEc165A5d6e6766Fbc35c977f89535899D0411,74893,0xbc2d6E7c81E7f35473b3594031FCC4c519fD24Ad,0,0x673e116757fdf54a71982e6ab734457551489de3,1,249999990000000,72183248,142201,4931520,1742997791,0x1c3da8bad1fb982e1c624e3824af202ff1c9a358b20c67f4a8ba9a0e1cdf91cb,NewSale
0xC0DEc165A5d6e6766Fbc35c977f89535899D0411,74786,0xbc2d6E7c81E7f35473b3594031FCC4c519fD24Ad,0,0x679ff8b061a0f544fa6d66b022ebfb5dfa115fbd,1,265000000000000,72434862,159289,4931526,1742997803,0x06c77e75c16f6de1c6c3013593b7f6134325cd4316917b8c07a3c5994edd4193,NewSale
0xC0DEc165A5d6e6766Fbc35c977f89535899D0411,74893,0xbc2d6E7c81E7f35473b3594031FCC4c519fD24Ad,0,0x673e116757fdf54a71982e6ab734457551489de3,1,249999990000000,72689500,142201,4931535,1742997821,0x4cfef84c3e7d117de4f2cf9ac171f6d76728c03546d62ee432af5e80482d5828,NewSale
0x7963071116b3BBE550153c36cA8a510e18594fD4,75014,0xbc2d6E7c81E7f35473b3594031FCC4c519fD24Ad,0,0x673e116757fdf54a71982e6ab734457551489de3,1,241000000000000,72720040,140578,4931547,1742997845,0x9db99153ffe115b8040592802a2ed3110887e062ad730592f658829dc9d7d49e,NewSale
0xA4F5AB7506A26F5dF966A301B5AB673e614F53ef,74993,0xbc2d6E7c81E7f35473b3594031FCC4c519fD24Ad,0,0x526d98b28f9e64957ffb0328543ed6c7a03c3c49,1,279000000000000,73074325,140578,4931566,1742997883,0x395e933317c8bd48ce7fe8bb7f841225725d31f900cbfc0954f4acb8dc53532e,NewSale
0x7963071116b3BBE550153c36cA8a510e18594fD4,75015,0xbc2d6E7c81E7f35473b3594031FCC4c519fD24Ad,0,0x16203152655a08d65e4770d7877f9d339d2e17f5,1,235000000000000,73170000,157678,4931591,1742997933,0x662fbdc490195d7c0e902dc11f8df52bef9db41e4c3fcff5dc420fabd1fedf1c,NewSale
0x7963071116b3BBE550153c36cA8a510e18594fD4,75016,0xbc2d6E7c81E7f35473b3594031FCC4c519fD24Ad,0,0x16203152655a08d65e4770d7877f9d339d2e17f5,1,223500000000000,73270000,140578,4931602,1742997955,0xa5b9f0f3fdf37b9b0a3f4c837f3eb0fbb9a55a30afc8988b62cd127f9574b1bd,NewSale
0x2A982eB8a29F6d521AC10946a505408a954b90f3,67746,0x7e5F161dd824d98AC3474eBf550716d0cb83E8C6,0,0x9a8a11025df3f8424dbda33cd1e046abe9abb809,1,25000000000000000000,73520000,186930,4931605,1742997961,0x780d97b6aed0f5a1b3081668b4a32e0779b75410df1ac02648070d005ce85a17,NewSale
0xC0DEc165A5d6e6766Fbc35c977f89535899D0411,74893,0xbc2d6E7c81E7f35473b3594031FCC4c519fD24Ad,0,0x16203152655a08d65e4770d7877f9d339d2e17f5,1,249999990000000,73790000,142201,4931614,1742997979,0xd189df55e6fab7df25119ae9c0a823940d7161d7da27bcd25f38bd2328444802,NewSale
0xeb418E53EFcDc351137C9A81c70967b8D7063f4C,73307,0x7e5F161dd824d98AC3474eBf550716d0cb83E8C6,0,0x9a8a11025df3f8424dbda33cd1e046abe9abb809,1,30000000000000000000,74110000,169830,4931626,1742998003,0xe56ff84e1578e7027e4cb9137d355f0a9a56ec57e4ae524d1bae9ebb47150007,NewSale
0x679ff8b061A0f544FA6d66b022ebFB5dFa115FBd,75017,0xbc2d6E7c81E7f35473b3594031FCC4c519fD24Ad,0,0x16203152655a08d65e4770d7877f9d339d2e17f5,1,220000000000000,74120000,135778,4931627,1742998005,0xefea3bd034815c90242cb19448b22eda8efb809a82eac76c51a8f20f1eb1a672,NewSale
0xC0DEc165A5d6e6766Fbc35c977f89535899D0411,74893,0xbc2d6E7c81E7f35473b3594031FCC4c519fD24Ad,0,0xe46463ec4a49776547a302eb158742cc2748033a,1,249999990000000,74120000,159301,4931630,1742998011,0xaaf72d8e94475f24b4cde78d5c082b93d5ec171824ca3097e8e2647bc0bd9405,NewSale
0x7963071116b3BBE550153c36cA8a510e18594fD4,75018,0xbc2d6E7c81E7f35473b3594031FCC4c519fD24Ad,0,0xe46463ec4a49776547a302eb158742cc2748033a,1,242000000000000,74940000,140578,4931645,1742998041,0xf363c8944b7f00d11bc080045dc71db0067c1eaf6c534e6be616de43b589e5e5,NewSale
0x7963071116b3BBE550153c36cA8a510e18594fD4,75019,0xbc2d6E7c81E7f35473b3594031FCC4c519fD24Ad,0,0xe46463ec4a49776547a302eb158742cc2748033a,1,240290000000000,74660000,135778,4931658,1742998067,0xdd72708890cb84e7385a767925caee37a1b86785b899c5d2a02f295f6797caee,NewSale
0xC0DEc165A5d6e6766Fbc35c977f89535899D0411,74893,0xbc2d6E7c81E7f35473b3594031FCC4c519fD24Ad,0,0xe46463ec4a49776547a302eb158742cc2748033a,1,249999990000000,74580000,142201,4931673,1742998097,0x06ca027af34cea0b83eca4b2e4afe106821e626becb94bb9510067537a9b62be,NewSale
0xC0DEc165A5d6e6766Fbc35c977f89535899D0411,74893,0xbc2d6E7c81E7f35473b3594031FCC4c519fD24Ad,0,0x679ff8b061a0f544fa6d66b022ebfb5dfa115fbd,1,249999990000000,74516871,159301,4931674,1742998099,0xd588ef636a50d30a5ef960afc2bfd12d3b4de3e24222101f809985c996a95326,NewSale
0xC0DEc165A5d6e6766Fbc35c977f89535899D0411,74893,0xbc2d6E7c81E7f35473b3594031FCC4c519fD24Ad,0,0x388139a2519e58cbf7a4b5ef684d8367f85cdefc,1,249999990000000,74420096,159301,4931678,1742998107,0x334bfbdb48c81830c7e5b01b3ae12e235babad372a7f48f471ff8cace697f13f,NewSale
0xC0DEc165A5d6e6766Fbc35c977f89535899D0411,74893,0xbc2d6E7c81E7f35473b3594031FCC4c519fD24Ad,0,0xe46463ec4a49776547a302eb158742cc2748033a,1,249999990000000,74480000,142201,4931689,1742998129,0xf54f175ca42d6ca2ee169cd6bc5e2b411e28d5b15645100560194fa4f0a63dc7,NewSale
0x41f07238C5096Eb7eb68c50FE8AE5AdDECBBF5C2,71507,0xbFCACb23F0B41EeEDFf7d04f52CE8f5125150806,6,0x71199821b9d0eccfd5087747afcab867344a353f,1,500000000000000,74790000,164783,4931697,1742998145,0x2c735e70f7b058401bde39af74fc1bcb307920dbfca93588ce655321d644981b,NewSale
0xC0DEc165A5d6e6766Fbc35c977f89535899D0411,74893,0xbc2d6E7c81E7f35473b3594031FCC4c519fD24Ad,0,0x388139a2519e58cbf7a4b5ef684d8367f85cdefc,1,249999990000000,73998477,142201,4931701,1742998153,0xdaf62730562090545aa68050004cba0bf97273f8fc5688a46b1ddc85b3bcd2cb,NewSale
0x16203152655A08D65E4770D7877F9d339D2E17f5,75024,0xbc2d6E7c81E7f35473b3594031FCC4c519fD24Ad,0,0xe46463ec4a49776547a302eb158742cc2748033a,1,230000000000000,74310000,140578,4931703,1742998157,0x750982b7935c70dfa7f7af67abbd7e6b6aeb4964a8c48690dad9a42d2461a206,NewSale
0x80fe121B69163E17bd4e9CC573652e29E48fa4ae,74662,0xbc2d6E7c81E7f35473b3594031FCC4c519fD24Ad,0,0x7ade056ba6f876384bc6186a65197d700ff2b8d1,1,285000000000000,73894767,142201,4931703,1742998157,0xc7bec450ca9530e70449a7f59013f8a1211aa3090a94ec21d71ba45ff0f0271b,NewSale
0xC0DEc165A5d6e6766Fbc35c977f89535899D0411,74777,0xbc2d6E7c81E7f35473b3594031FCC4c519fD24Ad,0,0x679ff8b061a0f544fa6d66b022ebfb5dfa115fbd,1,259999990000000,74154513,142201,4931711,1742998173,0x94cd5d0cc458a47d6e405730f6ccfe48d7cff7b5c4d9a660bb1d9c196fa04cbb,NewSale
0x16203152655A08D65E4770D7877F9d339D2E17f5,75026,0xbc2d6E7c81E7f35473b3594031FCC4c519fD24Ad,0,0x679ff8b061a0f544fa6d66b022ebfb5dfa115fbd,1,230000000000000,73583411,140578,4931723,1742998197,0x878f6cdeded768b2e9193b78848baf8a0229a46deacbbb333273b0166236092e,NewSale
0xC0DEc165A5d6e6766Fbc35c977f89535899D0411,74893,0xbc2d6E7c81E7f35473b3594031FCC4c519fD24Ad,0,0x16203152655a08d65e4770d7877f9d339d2e17f5,1,249999990000000,73640000,142201,4931735,1742998221,0x566a59d3b6af4dc1eb40c552dbac6c763c8a7135d47dd5b2a356d4fd009a4cfa,NewSale
0xC0DEc165A5d6e6766Fbc35c977f89535899D0411,74893,0xbc2d6E7c81E7f35473b3594031FCC4c519fD24Ad,0,0x610f97392109f2dbaf46acb6256ccae82255edfb,1,249999990000000,73301288,142201,4931735,1742998221,0x4b980cf5cc1ad9a3294ea2202bf22e1abd6a43ecd164d60ae03e26cd3defd595,NewSale
0xC0DEc165A5d6e6766Fbc35c977f89535899D0411,74893,0xbc2d6E7c81E7f35473b3594031FCC4c519fD24Ad,0,0x388139a2519e58cbf7a4b5ef684d8367f85cdefc,1,249999990000000,72891233,142201,4931742,1742998235,0x167987bdba48c65b962d9b8dd3b4038fdeb401aa0062f5fab1ab13ba6a6881b6,NewSale
0xC0DEc165A5d6e6766Fbc35c977f89535899D0411,74893,0xbc2d6E7c81E7f35473b3594031FCC4c519fD24Ad,0,0xe46463ec4a49776547a302eb158742cc2748033a,1,249999990000000,73220000,142201,4931748,1742998247,0x52109c60c76a17f83376a289e6f1a98e0e78b69f9a13b93f4dfed1261bc3b484,NewSale
0x679ff8b061A0f544FA6d66b022ebFB5dFa115FBd,75034,0xbc2d6E7c81E7f35473b3594031FCC4c519fD24Ad,0,0x16203152655a08d65e4770d7877f9d339d2e17f5,1,220000000000000,72710000,140578,4931763,1742998277,0xf20c50ba7bec52198fe77b85d99c9b638a9d672f1824a5e614dc69e283a1b632,NewSale
0x2065b7a05102C48A44CB985a1E1f466ac9cEE08C,75025,0xbc2d6E7c81E7f35473b3594031FCC4c519fD24Ad,0,0x611ee827c900e87a01210e262aa5d509857ffc6f,1,275000000000000,71666651,157666,4931773,1742998297,0x4e9b42ec69047787951a06188575d707d530fea62a7febc1a24eb56f8dbdbce2,NewSale
0x16203152655A08D65E4770D7877F9d339D2E17f5,75030,0xbc2d6E7c81E7f35473b3594031FCC4c519fD24Ad,0,0x388139a2519e58cbf7a4b5ef684d8367f85cdefc,1,239000000000000,71381806,140578,4931781,1742998313,0xa580c72dae64d03a765137e7e2bd907fab7e31757db71538d9b229b8ba2d969a,NewSale
0xC0DEc165A5d6e6766Fbc35c977f89535899D0411,74893,0xbc2d6E7c81E7f35473b3594031FCC4c519fD24Ad,0,0x63d76f139bce5a745f69a2b12918f6e570c84602,1,249999990000000,71990000,159301,4931782,1742998315,0xa472bfd3bd33e344ec395fffc27199d6a549dd07cff0cb003359776c18806cb7,NewSale
0x16203152655A08D65E4770D7877F9d339D2E17f5,75035,0xbc2d6E7c81E7f35473b3594031FCC4c519fD24Ad,0,0x54be4ce1d72a5f819d1fef1af47834937d88b176,1,248000000000000,71080000,140578,4931799,1742998349,0x3799a140405b49c14941d0e892ccd20d20e41f8ca123d65f4c96eb8e916eb877,NewSale
0xe46463eC4a49776547a302Eb158742Cc2748033A,75045,0xbc2d6E7c81E7f35473b3594031FCC4c519fD24Ad,0,0x54be4ce1d72a5f819d1fef1af47834937d88b176,1,230000000000000,70550000,140578,4931812,1742998375,0x424ffcae899f0b62afd373dbf0a0994742bf1fc496b45e3d61da635e08a0d673,NewSale
0xC0DEc165A5d6e6766Fbc35c977f89535899D0411,74777,0xbc2d6E7c81E7f35473b3594031FCC4c519fD24Ad,0,0x679ff8b061a0f544fa6d66b022ebfb5dfa115fbd,1,259999990000000,69997866,142201,4931822,1742998395,0xec64dc615c238a2854932e18a0d22b8810d3c5e18a192e3c429870ad9cdf98de,NewSale
0x679ff8b061A0f544FA6d66b022ebFB5dFa115FBd,75042,0xbc2d6E7c81E7f35473b3594031FCC4c519fD24Ad,0,0x54be4ce1d72a5f819d1fef1af47834937d88b176,1,220000000000000,70240000,140578,4931824,1742998399,0xe8d8d271e1457c9624a70d1e16c35f76e3e4eb8f58d9da592854bf319bcae81c,NewSale
0x41f07238C5096Eb7eb68c50FE8AE5AdDECBBF5C2,71515,0xbFCACb23F0B41EeEDFf7d04f52CE8f5125150806,5,0x71199821b9d0eccfd5087747afcab867344a353f,1,500000000000000,69910000,164783,4931924,1742998599,0x67b6433e180096584bd8d9ebf6c9f65612e6d14f046a511655df678faf9c8953,NewSale
0x679ff8b061A0f544FA6d66b022ebFB5dFa115FBd,75037,0xbc2d6E7c81E7f35473b3594031FCC4c519fD24Ad,0,0x388139a2519e58cbf7a4b5ef684d8367f85cdefc,1,221000000000000,68473228,140578,4931955,1742998661,0x4da6b858a0460d9e8a21aafe42c544603cab825c114c015cd06119eae38707ca,NewSale
0xe46463eC4a49776547a302Eb158742Cc2748033A,75054,0xbc2d6E7c81E7f35473b3594031FCC4c519fD24Ad,0,0x388139a2519e58cbf7a4b5ef684d8367f85cdefc,1,200000000000000,68454754,140578,4931978,1742998707,0x10dcd1c206bff153c0529736186765c71d80e79c74706ede9d5efd252d49afd8,NewSale
0xC0DEc165A5d6e6766Fbc35c977f89535899D0411,74893,0xbc2d6E7c81E7f35473b3594031FCC4c519fD24Ad,0,0xa4f5ab7506a26f5df966a301b5ab673e614f53ef,1,249999990000000,68775801,142201,4931980,1742998711,0xd9b4c6e28159a69a40a624110c06d1017fdde77690b020ebac9e5f1a5d3f6930,NewSale
0x2065b7a05102C48A44CB985a1E1f466ac9cEE08C,75055,0xbc2d6E7c81E7f35473b3594031FCC4c519fD24Ad,0,0x0fc7a0b39e563839842bb1dc854a8eab9c4c1eca,1,275000000000000,68710000,140578,4931983,1742998717,0xd9b1ed6bd7bcf07cc4f803bb638f38dad8544e6d736ff37ad5c4a8a09f03bb58,NewSale
0x2065b7a05102C48A44CB985a1E1f466ac9cEE08C,75060,0xbc2d6E7c81E7f35473b3594031FCC4c519fD24Ad,0,0x611ee827c900e87a01210e262aa5d509857ffc6f,1,275000000000000,69069667,140566,4931988,1742998727,0x8f2714e487701ff5b8bbae3d7026b439fab8010c75a405c204922835d6c2539a,NewSale
0xe46463eC4a49776547a302Eb158742Cc2748033A,75048,0xbc2d6E7c81E7f35473b3594031FCC4c519fD24Ad,0,0x388139a2519e58cbf7a4b5ef684d8367f85cdefc,1,230000000000000,69576084,140578,4932005,1742998761,0x678b418dd00b0331a7475348b343e26bd3fd73752a4b68e5e1fd7a6cdbd907f7,NewSale
0xe46463eC4a49776547a302Eb158742Cc2748033A,75056,0xbc2d6E7c81E7f35473b3594031FCC4c519fD24Ad,0,0x388139a2519e58cbf7a4b5ef684d8367f85cdefc,1,230000000000000,70328735,140578,4932025,1742998801,0x009fc401102cd25115b42a3d5eb755ab95457ac260df6ee48341baf43a02b193,NewSale
0xE903114f763d7E381fd6583861654459Ef9F917e,74995,0xbc2d6E7c81E7f35473b3594031FCC4c519fD24Ad,0,0xab17a4d36cf851b66a52f47eaed028642d4ae6bf,1,500000000000000,73054056,140590,4932104,1742998959,0x246d7ce29149701a0290f89b39f3905ccc95bc223f1197c4e814bd09df949630,NewSale
0x16203152655A08D65E4770D7877F9d339D2E17f5,75046,0xbc2d6E7c81E7f35473b3594031FCC4c519fD24Ad,0,0x610f97392109f2dbaf46acb6256ccae82255edfb,1,230000000000000,73546889,140578,4932115,1742998981,0x809f7ec471ccb8ae33bfb0e8938a0d5a8d62716ff581fd0ca8f9ecb73a04703d,NewSale
0x0E50aC716f64aB2b97610dbea33eA9CaD6280814,75074,0x02e21A25F0038fa5BDEe9c0b77aC0c1E84d3d6f0,1868,0x611ee827c900e87a01210e262aa5d509857ffc6f,1,350000000000000,73082139,138146,4932135,1742999021,0x381c88b5fd441e7120c758aed68bc0a0bd1f76e661d3f0fafd9cc4313320c48c,NewSale
0xeF0Ef28b882d166B732d00A01Ea762B9CCd3FE44,75073,0xbc2d6E7c81E7f35473b3594031FCC4c519fD24Ad,1,0x611ee827c900e87a01210e262aa5d509857ffc6f,1,245000000000000,73523811,159277,4932155,1742999061,0x265d22a0261adefd3459dbac1a48de292ad5ee4d36681185a8a73ee0f5736561,NewSale
0x2065b7a05102C48A44CB985a1E1f466ac9cEE08C,75067,0xbc2d6E7c81E7f35473b3594031FCC4c519fD24Ad,0,0x611ee827c900e87a01210e262aa5d509857ffc6f,1,275000000000000,74185790,140566,4932172,1742999095,0x903e38f746379f42aad18194eb2cfe5ed2912b0c6461be20c9c1a0803f0787ce,NewSale
0x76BE9A174827fB91E6f1E19011d38e08227A6da2,75002,0x02e21A25F0038fa5BDEe9c0b77aC0c1E84d3d6f0,1925,0xab17a4d36cf851b66a52f47eaed028642d4ae6bf,1,400000000000000,74344150,155246,4932178,1742999107,0x28589823f0659260cc42e486f089ec21050baef568e26fe964f3ad6d75268c50,NewSale
0x16203152655A08D65E4770D7877F9d339D2E17f5,75078,0xbc2d6E7c81E7f35473b3594031FCC4c519fD24Ad,0,0xfda23d6358a2e2a40bbf35489b9cacecca0e18f9,1,220000000000000,74491991,152878,4932187,1742999125,0xdbf3cbb346ae17aff7d6f4d457ede795b2aa6b81bba7929b105c7688630d960d,NewSale
0x2065b7a05102C48A44CB985a1E1f466ac9cEE08C,75063,0xbc2d6E7c81E7f35473b3594031FCC4c519fD24Ad,0,0x611ee827c900e87a01210e262aa5d509857ffc6f,1,275000000000000,74350848,140566,4932196,1742999143,0x8c0778afdf8452c6e0d823823b55116d63d68252152c67c69704988672c64307,NewSale
0xe46463eC4a49776547a302Eb158742Cc2748033A,75050,0xbc2d6E7c81E7f35473b3594031FCC4c519fD24Ad,0,0x610f97392109f2dbaf46acb6256ccae82255edfb,1,230000000000000,74375281,140578,4932200,1742999151,0xfa1f62f13a516e3fdc26f50704a340f2f37650897363287ba4635056e5d14ec6,NewSale
0xeF0Ef28b882d166B732d00A01Ea762B9CCd3FE44,75073,0xbc2d6E7c81E7f35473b3594031FCC4c519fD24Ad,1,0xacdf10505f77d3083816e223ec4c5f57dae7008c,1,245000000000000,74480000,159277,4932203,1742999157,0xf8f8d7df85371ce883dd84790a9e340d7d0478c91abe759175c146df62a42ac4,NewSale
0xC0DEc165A5d6e6766Fbc35c977f89535899D0411,74893,0xbc2d6E7c81E7f35473b3594031FCC4c519fD24Ad,0,0xa4f5ab7506a26f5df966a301b5ab673e614f53ef,1,249999990000000,74405177,142201,4932209,1742999169,0xf402aa374418d88c0e34e385e9abf81f8223578e030080fb97dcd5daeb929fec,NewSale
0x41f07238C5096Eb7eb68c50FE8AE5AdDECBBF5C2,71549,0xbFCACb23F0B41EeEDFf7d04f52CE8f5125150806,1,0x71199821b9d0eccfd5087747afcab867344a353f,1,500000000000000,74200000,159983,4932216,1742999183,0x26a9578f43926e28fa69de2ed9d2e0618aae90709e586564e2a073b2f06bf73a,NewSale
0xA4F5AB7506A26F5dF966A301B5AB673e614F53ef,75059,0xbc2d6E7c81E7f35473b3594031FCC4c519fD24Ad,0,0x611ee827c900e87a01210e262aa5d509857ffc6f,1,290000000000000,74525491,140578,4932222,1742999195,0x73b95835ec49adfc18c75735cd2fde637c540f512220962d709a572b9a5d1abc,NewSale
0xe46463eC4a49776547a302Eb158742Cc2748033A,75058,0xbc2d6E7c81E7f35473b3594031FCC4c519fD24Ad,0,0xacdf10505f77d3083816e223ec4c5f57dae7008c,1,230000000000000,74410000,140566,4932225,1742999201,0xfbfbc94277eeb43388525c194f7efbe418460a819b91c65d07b96aac675fd25d,NewSale
0xC0DEc165A5d6e6766Fbc35c977f89535899D0411,74893,0xbc2d6E7c81E7f35473b3594031FCC4c519fD24Ad,0,0xfda23d6358a2e2a40bbf35489b9cacecca0e18f9,1,249999990000000,74097294,142201,4932251,1742999253,0xee856b999f4b11395ae65a8849bc250debac6ef93d185a5d054b534719833155,NewSale
0xC0DEc165A5d6e6766Fbc35c977f89535899D0411,74777,0xbc2d6E7c81E7f35473b3594031FCC4c519fD24Ad,0,0xfda23d6358a2e2a40bbf35489b9cacecca0e18f9,1,259999990000000,74038878,142201,4932271,1742999293,0x152748abbadedab649b5d7444c2d902257fbd140fe88475f901ecf454daa328a,NewSale
0xeF0Ef28b882d166B732d00A01Ea762B9CCd3FE44,75073,0xbc2d6E7c81E7f35473b3594031FCC4c519fD24Ad,1,0x287bf6ef4cd02e1a086c59cf52c0671507ee68ce,1,245000000000000,74100000,159289,4932272,1742999295,0x59b58df4576341db32b7ac919c3a208b5127f4a9eaabc04350ca32a1d5dbb728,NewSale
0xC0DEc165A5d6e6766Fbc35c977f89535899D0411,74786,0xbc2d6E7c81E7f35473b3594031FCC4c519fD24Ad,0,0xfda23d6358a2e2a40bbf35489b9cacecca0e18f9,1,265000000000000,74790175,142189,4932295,1742999341,0x05bc12d60baf13ac0ddab1604be0fa705e4dab1045a8ea98d8c3bde045c7c0df,NewSale
0x2065b7a05102C48A44CB985a1E1f466ac9cEE08C,75032,0xbc2d6E7c81E7f35473b3594031FCC4c519fD24Ad,0,0x4a7cc8adb43c669de2ecae7317be7f19b9abda55,1,275000000000000,74870000,157678,4932312,1742999375,0x59c84d59aedc8f6617a31c1dc5c7a39c3c544091b03b7ad556d909ca235f78a5,NewSale
0xDF7BcA5B44c11173F39272fd5274d88d17544Fb0,74991,0xbc2d6E7c81E7f35473b3594031FCC4c519fD24Ad,1,0x526d98b28f9e64957ffb0328543ed6c7a03c3c49,1,380000000000000,75162188,142201,4932315,1742999381,0x470685f21ee67c45dc24e8bfbd5ef2f2c79d7c2a3d057ae775927f7de44acec4,NewSale
0xA4F5AB7506A26F5dF966A301B5AB673e614F53ef,75013,0xbc2d6E7c81E7f35473b3594031FCC4c519fD24Ad,0,0xab17a4d36cf851b66a52f47eaed028642d4ae6bf,1,300000000000000,75473535,140590,4932326,1742999403,0x7f24f7eb9af14ec58c5f78b7c50ef41d0a1e5e2ee56fa29d257ccab2dd664ae0,NewSale
0xC0DEc165A5d6e6766Fbc35c977f89535899D0411,74779,0xbc2d6E7c81E7f35473b3594031FCC4c519fD24Ad,0,0xfda23d6358a2e2a40bbf35489b9cacecca0e18f9,1,269999990000000,75636220,142201,4932327,1742999405,0xe1f570e2e51c3f7741e7dca7c9ab73fa2540526b48aef9b70bbcc255c834e9fe,NewSale
0xeF0Ef28b882d166B732d00A01Ea762B9CCd3FE44,75073,0xbc2d6E7c81E7f35473b3594031FCC4c519fD24Ad,1,0x04f2e7bd3365c70b96c4e41b6116c636e9dcc39b,1,245000000000000,75548826,159289,4932334,1742999419,0xb7475c6fbee65769e04f5c3ce473479b9868a4ea563372a9fb429e18f36c7d0d,NewSale
0xeF0Ef28b882d166B732d00A01Ea762B9CCd3FE44,75073,0xbc2d6E7c81E7f35473b3594031FCC4c519fD24Ad,1,0x610f97392109f2dbaf46acb6256ccae82255edfb,1,245000000000000,76211414,142189,4932352,1742999455,0x9bcaf7abce72e76cccde0831fc90dcd95ed5b63a4ec31913f7dfe8073341f8ab,NewSale
0xe46463eC4a49776547a302Eb158742Cc2748033A,75061,0xbc2d6E7c81E7f35473b3594031FCC4c519fD24Ad,0,0x04f2e7bd3365c70b96c4e41b6116c636e9dcc39b,1,230000000000000,76111414,135778,4932352,1742999455,0x68767749483135cc66dd9606636990c6e1d99dc3d0c3249b61cf0f3441441589,NewSale
0x2065b7a05102C48A44CB985a1E1f466ac9cEE08C,75020,0xbc2d6E7c81E7f35473b3594031FCC4c519fD24Ad,0,0xfda23d6358a2e2a40bbf35489b9cacecca0e18f9,1,275000000000000,76111414,140578,4932352,1742999455,0x4e8107de18e8002fa04cdbce3074e82c1ac2f729c6d92269006f2dd3df337193,NewSale
0xeF0Ef28b882d166B732d00A01Ea762B9CCd3FE44,75073,0xbc2d6E7c81E7f35473b3594031FCC4c519fD24Ad,1,0x04f2e7bd3365c70b96c4e41b6116c636e9dcc39b,1,245000000000000,76194027,142189,4932374,1742999499,0xf410e6b4bd14764ade85743e7b43adf2407598cec98b9e5999b9d142ecab5ee8,NewSale
0x2065b7a05102C48A44CB985a1E1f466ac9cEE08C,75027,0xbc2d6E7c81E7f35473b3594031FCC4c519fD24Ad,0,0xfda23d6358a2e2a40bbf35489b9cacecca0e18f9,1,275000000000000,76284541,140578,4932377,1742999505,0x1d2ccc73910deca9053677917c1ce31b00ccdfd30f3110e9a78677703493c95c,NewSale
0x2065b7a05102C48A44CB985a1E1f466ac9cEE08C,75069,0xbc2d6E7c81E7f35473b3594031FCC4c519fD24Ad,0,0x4a7cc8adb43c669de2ecae7317be7f19b9abda55,1,275000000000000,76780000,140578,4932400,1742999551,0x2676eca79cfec3a00975aab208dccae292c1711303ae3cbdcf651fbff8ba7191,NewSale
0x2065b7a05102C48A44CB985a1E1f466ac9cEE08C,75033,0xbc2d6E7c81E7f35473b3594031FCC4c519fD24Ad,0,0xfda23d6358a2e2a40bbf35489b9cacecca0e18f9,1,275000000000000,76532524,140578,4932400,1742999551,0x86d2fb422fabbc444e2aee6508586886231bc7fc1a65250d99e3123969840ccd,NewSale
0xeb418E53EFcDc351137C9A81c70967b8D7063f4C,74992,0x7e5F161dd824d98AC3474eBf550716d0cb83E8C6,0,0x526d98b28f9e64957ffb0328543ed6c7a03c3c49,1,500000000000000,76963508,164783,4932407,1742999565,0x5e8de0b416f0ab9b270a6c2f81069f725f17054d55a08a930d95a98a79acc479,NewSale
0x2065b7a05102C48A44CB985a1E1f466ac9cEE08C,75044,0xbc2d6E7c81E7f35473b3594031FCC4c519fD24Ad,0,0x4a7cc8adb43c669de2ecae7317be7f19b9abda55,1,275000000000000,76880000,140578,4932414,1742999579,0xcd04617770f8dbf09812e6b84e26020bc75563e1afe6a06e2cac97066d303e13,NewSale
0x2065b7a05102C48A44CB985a1E1f466ac9cEE08C,75036,0xbc2d6E7c81E7f35473b3594031FCC4c519fD24Ad,0,0xfda23d6358a2e2a40bbf35489b9cacecca0e18f9,1,275000000000000,77191009,140578,4932425,1742999601,0x1b99723dcbc123d11d37ed0b41f6e15cd3be0cdaa32c70335712afa188a2265b,NewSale
0xeF0Ef28b882d166B732d00A01Ea762B9CCd3FE44,75073,0xbc2d6E7c81E7f35473b3594031FCC4c519fD24Ad,1,0xbc7c63002c69db627f7153a2ba60dd3ed8dc9d85,1,245000000000000,77722111,159277,4932438,1742999627,0xd07344201ee80edcee122011cc08e5c17d37c7775ee8fa668eda055aa10a760a,NewSale
0x04f2e7bD3365C70B96c4E41B6116C636e9dcC39b,75084,0xbc2d6E7c81E7f35473b3594031FCC4c519fD24Ad,0,0xb9ef6244c55087b03c042fa643abf0df9bfce95e,1,220000000000000,78411476,140578,4932457,1742999665,0x825a4ce735c1b6cde7d7302430a21d8aa919d732671d97c1d419b9a4afbb9969,NewSale
0x2065b7a05102C48A44CB985a1E1f466ac9cEE08C,75038,0xbc2d6E7c81E7f35473b3594031FCC4c519fD24Ad,0,0x4a7cc8adb43c669de2ecae7317be7f19b9abda55,1,275000000000000,78050000,140578,4932459,1742999669,0x6c443d62493a4ae951576a52449bc39fab7b501b46597ddde34b257fa1dbd759,NewSale
0x04f2e7bD3365C70B96c4E41B6116C636e9dcC39b,75085,0xbc2d6E7c81E7f35473b3594031FCC4c519fD24Ad,1,0xb9ef6244c55087b03c042fa643abf0df9bfce95e,1,230000000000000,78848703,140578,4932473,1742999697,0xb42e215cc51fd48b507fd728138437a431fb913e8d0821f111b98ceb77ca22ad,NewSale
0xeF0Ef28b882d166B732d00A01Ea762B9CCd3FE44,75073,0xbc2d6E7c81E7f35473b3594031FCC4c519fD24Ad,1,0x610f97392109f2dbaf46acb6256ccae82255edfb,1,245000000000000,79877662,142189,4932486,1742999723,0xddb3cf4cee39620f72957c1f1b33e8bba2a05035e6c9d062d121f974694aed41,NewSale
0xeF0Ef28b882d166B732d00A01Ea762B9CCd3FE44,75073,0xbc2d6E7c81E7f35473b3594031FCC4c519fD24Ad,1,0xb9ef6244c55087b03c042fa643abf0df9bfce95e,1,245000000000000,80874100,142189,4932503,1742999757,0x0c1d8de6f644e333b04f8c096c5c35b5d06c4ff66efcc41ccbafd9081d9ed4f1,NewSale
0xC0DEc165A5d6e6766Fbc35c977f89535899D0411,74777,0xbc2d6E7c81E7f35473b3594031FCC4c519fD24Ad,0,0xddee7338e62be267aa970233733ba2a3c802ed50,1,259999990000000,82470000,159301,4932543,1742999837,0x1b046f3eba265c74ff2b1f8aeffa100faaccc546b863b02d892b62343699c51a,NewSale
0xeF0Ef28b882d166B732d00A01Ea762B9CCd3FE44,75073,0xbc2d6E7c81E7f35473b3594031FCC4c519fD24Ad,1,0x691205218883d60103c61aae7b120145fd5bc743,1,245000000000000,82871246,152878,4932561,1742999873,0xce6913dccd0f43249247e45fa6a44ce83275cc85eee9168fd47b17822186dc5c,NewSale
0xC0DEc165A5d6e6766Fbc35c977f89535899D0411,74786,0xbc2d6E7c81E7f35473b3594031FCC4c519fD24Ad,0,0xddee7338e62be267aa970233733ba2a3c802ed50,1,265000000000000,82860000,142189,4932563,1742999877,0xc1868de49a79a6b27b49cb7a0fbf51dc9c6ad6b021a96e2629e301a87783ccac,NewSale
0x76BE9A174827fB91E6f1E19011d38e08227A6da2,75076,0x02e21A25F0038fa5BDEe9c0b77aC0c1E84d3d6f0,1926,0x973ac9053f0b2b6adface0889cca5b553b52d775,1,390000000000000,83133808,150458,4932578,1742999907,0x9f48ace0dea54754431e76f129d67ee0f42ecab93736ec8bdaf4a1dd82d28d19,NewSale
0x287Bf6eF4CD02e1a086c59Cf52c0671507EE68cE,75086,0xbc2d6E7c81E7f35473b3594031FCC4c519fD24Ad,1,0x3f90edb52c2ee078e8a3a07afa4329817be70b47,1,230000000000000,83160000,152878,4932579,1742999909,0xe423f94626d5fd364550783767ef164d0fe9b01c41988712ba1f1f3efe2550ce,NewSale
0xC0DEc165A5d6e6766Fbc35c977f89535899D0411,74893,0xbc2d6E7c81E7f35473b3594031FCC4c519fD24Ad,0,0x3f90edb52c2ee078e8a3a07afa4329817be70b47,1,249999990000000,83220000,159301,4932590,1742999931,0xdfc93715a0746913073b7a83c7ce3b63c372a6c09deca456714265b9f0fbb6a3,NewSale
0xDF7BcA5B44c11173F39272fd5274d88d17544Fb0,74991,0xbc2d6E7c81E7f35473b3594031FCC4c519fD24Ad,1,0x526d98b28f9e64957ffb0328543ed6c7a03c3c49,1,380000000000000,83749613,135790,4932595,1742999941,0x7ba143ca3cc58df0bffa1688a05c271e363cdd1f43daf938dc0069560b6fcec5,NewSale
0xC0DEc165A5d6e6766Fbc35c977f89535899D0411,74893,0xbc2d6E7c81E7f35473b3594031FCC4c519fD24Ad,0,0x3f90edb52c2ee078e8a3a07afa4329817be70b47,1,249999990000000,83560000,142201,4932600,1742999951,0x39d3200069a4b6f6a8f762bef42d5aabe6004a0576be1d7a92c9d0454dcef05d,NewSale
0xC0DEc165A5d6e6766Fbc35c977f89535899D0411,74779,0xbc2d6E7c81E7f35473b3594031FCC4c519fD24Ad,0,0xddee7338e62be267aa970233733ba2a3c802ed50,1,269999990000000,83560000,142201,4932602,1742999955,0x8a308d0939580a07032dccad200f095c42a1cad6913a6a704017b7815ca9ed18,NewSale
0x41f07238C5096Eb7eb68c50FE8AE5AdDECBBF5C2,71529,0xbFCACb23F0B41EeEDFf7d04f52CE8f5125150806,2,0x71199821b9d0eccfd5087747afcab867344a353f,1,500000000000000,83240000,164783,4932611,1742999973,0x77bb8f40150d780d83896b9ac5c149dfc34ef7c87210a4a01a5f194b33c0aecc,NewSale
0xC0DEc165A5d6e6766Fbc35c977f89535899D0411,74893,0xbc2d6E7c81E7f35473b3594031FCC4c519fD24Ad,0,0x3f90edb52c2ee078e8a3a07afa4329817be70b47,1,249999990000000,83700000,142201,4932613,1742999977,0xdc8fb97b721c390a21fab6e96bd3164540df796a55a58d6a2963b1861707343e,NewSale
0x2065b7a05102C48A44CB985a1E1f466ac9cEE08C,75052,0xbc2d6E7c81E7f35473b3594031FCC4c519fD24Ad,0,0xddee7338e62be267aa970233733ba2a3c802ed50,1,275000000000000,83730000,140578,4932617,1742999985,0xfd821099001ba7595dd107c04d32bcac654c5b7838cd465e3bf0e8f20a59f2b2,NewSale
0xC0DEc165A5d6e6766Fbc35c977f89535899D0411,74893,0xbc2d6E7c81E7f35473b3594031FCC4c519fD24Ad,0,0x691205218883d60103c61aae7b120145fd5bc743,1,249999990000000,83412229,142201,4932623,1742999997,0x7b806276d775dcfb540cfeff4f53345eb34426423794d3c07cc60bc54859f2f3,NewSale
0xC0DEc165A5d6e6766Fbc35c977f89535899D0411,74893,0xbc2d6E7c81E7f35473b3594031FCC4c519fD24Ad,0,0x3f90edb52c2ee078e8a3a07afa4329817be70b47,1,249999990000000,83760000,142201,4932624,1742999999,0x8c00745166df02a21ae50f29a09264e85c5f8477284e6c93c0e4d548c9b5aadd,NewSale
0x2065b7a05102C48A44CB985a1E1f466ac9cEE08C,75021,0xbc2d6E7c81E7f35473b3594031FCC4c519fD24Ad,0,0xddee7338e62be267aa970233733ba2a3c802ed50,1,275000000000000,83620000,140578,4932631,1743000013,0xc81c010a0c5dcaf2d4f088b8d363804385598234ba31c351890465f4a5103d5c,NewSale
0xC0DEc165A5d6e6766Fbc35c977f89535899D0411,74893,0xbc2d6E7c81E7f35473b3594031FCC4c519fD24Ad,0,0x3f90edb52c2ee078e8a3a07afa4329817be70b47,1,249999990000000,83290000,142201,4932636,1743000023,0xd0eeec5f0eeda2a6bb3c987d6f2523ed70d01d1255ed52f8a90708c1e11d9533,NewSale
0xC0DEc165A5d6e6766Fbc35c977f89535899D0411,74893,0xbc2d6E7c81E7f35473b3594031FCC4c519fD24Ad,0,0x610f97392109f2dbaf46acb6256ccae82255edfb,1,249999990000000,83816180,142201,4932663,1743000077,0x5dc740e4941d5c0d72c0eb06c3f80aad21d97df40a57a3d5ae8051b146384b80,NewSale
0xC0DEc165A5d6e6766Fbc35c977f89535899D0411,74777,0xbc2d6E7c81E7f35473b3594031FCC4c519fD24Ad,0,0xd175c436b84d51a85345a75055be4a2228550ec2,1,259999990000000,83120000,142201,4932666,1743000083,0x148ea68151f12db3c4e463947a28916a9417354b8238e1a1f7bf4186ff8278b1,NewSale
0x2065b7a05102C48A44CB985a1E1f466ac9cEE08C,75049,0xbc2d6E7c81E7f35473b3594031FCC4c519fD24Ad,0,0xddee7338e62be267aa970233733ba2a3c802ed50,1,275000000000000,83270000,140578,4932667,1743000085,0xa1fcfa6de23b911ef0817b174449fa75e3e9ad2ef55f6b9b56da57d96142b185,NewSale
0xC0DEc165A5d6e6766Fbc35c977f89535899D0411,74777,0xbc2d6E7c81E7f35473b3594031FCC4c519fD24Ad,0,0xd175c436b84d51a85345a75055be4a2228550ec2,1,259999990000000,83920000,142201,4932701,1743000153,0x8addcc856c3105275b09552234905b3523eadd707d7f756b850d12545700de55,NewSale
0x3f90Edb52c2Ee078E8a3A07AFa4329817bE70B47,75092,0xbc2d6E7c81E7f35473b3594031FCC4c519fD24Ad,0,0x691205218883d60103c61aae7b120145fd5bc743,1,223000000000000,82372339,140578,4932771,1743000293,0xa137fde8f299f3893f4552596637ad08a311eeb9a1f53e44445bb39221ef4ae0,NewSale
0x3f90Edb52c2Ee078E8a3A07AFa4329817bE70B47,75100,0xbc2d6E7c81E7f35473b3594031FCC4c519fD24Ad,1,0x2f199ae0ad0b265e70fda8182ff3cdcfc479f767,1,230000000000000,81998333,152878,4932779,1743000309,0x80eadc3637017e2c80a3ae408eea841dc27df14a4bad2cdcc9110dc735b51720,NewSale
0x2065b7a05102C48A44CB985a1E1f466ac9cEE08C,75066,0xbc2d6E7c81E7f35473b3594031FCC4c519fD24Ad,0,0x0222346277ab8f3f9a347323cffed56b5c0acbe2,1,275000000000000,81575347,140578,4932781,1743000313,0xa0fcf8490f6f023e13d1883976bb4866869240109efb0d091fd3d4294a9f8c9b,NewSale
0x3f90Edb52c2Ee078E8a3A07AFa4329817bE70B47,75088,0xbc2d6E7c81E7f35473b3594031FCC4c519fD24Ad,0,0xd175c436b84d51a85345a75055be4a2228550ec2,1,230000000000000,81140000,140578,4932797,1743000345,0x3cdf045a5634340626432acc34a9c161fd5a21792567c062afca4bdf78655ab9,NewSale
0xb9EF6244c55087b03C042Fa643Abf0df9BFCe95E,75097,0xbc2d6E7c81E7f35473b3594031FCC4c519fD24Ad,0,0x2f199ae0ad0b265e70fda8182ff3cdcfc479f767,1,250000000000000,80257324,140578,4932814,1743000379,0xc1419e41651c345f0b3e43cc17abba4555b7b1fe63f7cdfe97cd9643c910f0f8,NewSale
0x3f90Edb52c2Ee078E8a3A07AFa4329817bE70B47,75094,0xbc2d6E7c81E7f35473b3594031FCC4c519fD24Ad,0,0xd175c436b84d51a85345a75055be4a2228550ec2,1,230000000000000,80130000,140578,4932828,1743000407,0xaab3bf5ea021f00c7ad5666acee1451f6c643efbb5a58ed47dcaec83fbcb1699,NewSale
0x366Fb63c0e3F799cc3cCFB854f10C6EF6DA27264,75081,0xdc0F91C5a4D200FfC21658901c77c0fE1A14d199,0,0x6239ab13c270ed3f39bc02e43f13c2b6523617a6,1,500000000000000,80140000,167283,4932834,1743000419,0xc81cf61997ce71d9de2689cd573cfb294dfd93ad4fff1a4b289459d97b574782,NewSale
0xA8F02C6B221d01F8a6d8adBC88A5F85b8569CD8E,74988,0xDfC21bE7cC791a5f03A95E836D385bBC6d7dF384,1284,0x526d98b28f9e64957ffb0328543ed6c7a03c3c49,1,1500000000000000,80037731,155258,4932836,1743000423,0xc4d6bda81a56f86a5d8ff4fc5b0d5ca54f530330c1727abd7e480bb7a7f56967,NewSale
0x3f90Edb52c2Ee078E8a3A07AFa4329817bE70B47,75095,0xbc2d6E7c81E7f35473b3594031FCC4c519fD24Ad,0,0xd175c436b84d51a85345a75055be4a2228550ec2,1,230000000000000,80440000,140578,4932859,1743000469,0x97639efcf3930da7715191f223c1fb19e58546f8e20858c5cb0ba0f1e9f70388,NewSale
0x9E35668437B072f9c4B060beec55cA424581B57E,74141,0xdc0F91C5a4D200FfC21658901c77c0fE1A14d199,0,0xbb0de2e71c615ce9e0754bfc4159840b4257de76,1,39000000000000000000,80440000,169830,4932861,1743000473,0x4c7de7297992db86bb9c8246b263f120ddbda02b0cf67cf76835a5122849026c,NewSale
0x83626fd424a4C37C382Bc20219a0e8724c9f4016,75104,0xbc2d6E7c81E7f35473b3594031FCC4c519fD24Ad,0,0xd16cc231ee5dbbbb2edfd71ebcc31d96fd65d226,1,240000000000000,80310000,140566,4932867,1743000485,0x74e5721d6bdc10410e37299952f7186c94a3bafeea137e42a82cdbbf2a1dee62,NewSale
0xA4F5AB7506A26F5dF966A301B5AB673e614F53ef,75083,0xbc2d6E7c81E7f35473b3594031FCC4c519fD24Ad,0,0x2f199ae0ad0b265e70fda8182ff3cdcfc479f767,1,300000000000000,80307110,135790,4932869,1743000489,0x8683ecb91830271374a9cd8f40d95d5dc3b3770fed736e134bd3a81fc99380e3,NewSale
0x3f90Edb52c2Ee078E8a3A07AFa4329817bE70B47,75096,0xbc2d6E7c81E7f35473b3594031FCC4c519fD24Ad,0,0x956a8abc4e11881f6cc537d7b6ed8276a03b4003,1,230000000000000,80669596,152878,4932897,1743000545,0xe62fe61de4848ee111c0554cc87ddb93ae65c4c5ebaea0208c3c2e418827e094,NewSale
0x83626fd424a4C37C382Bc20219a0e8724c9f4016,75099,0xbc2d6E7c81E7f35473b3594031FCC4c519fD24Ad,0,0x2f199ae0ad0b265e70fda8182ff3cdcfc479f767,1,240000000000000,80645545,140566,4932899,1743000549,0x64f234a96f5164a7cff4c1833d8848bf43e77b25f8c5211dd7c579182df58bbf,NewSale
0x83626fd424a4C37C382Bc20219a0e8724c9f4016,75110,0xbc2d6E7c81E7f35473b3594031FCC4c519fD24Ad,0,0x956a8abc4e11881f6cc537d7b6ed8276a03b4003,1,240000000000000,80420216,140566,4932926,1743000603,0x80e85f902a0cc3c29b7c58f10050486e888d37d97044e385660f6ceff8a9a098,NewSale
0xF18A958adc6e7675027CfE55770683aa9176f42A,75114,0xbc2d6E7c81E7f35473b3594031FCC4c519fD24Ad,1,0x6239ab13c270ed3f39bc02e43f13c2b6523617a6,1,250000000000000,80650000,152878,4932928,1743000607,0xad63081a5e8d8fcf9877a4b56a8b3a32d5dc87dfc1064839c70f329933d7a598,NewSale
0x83626fd424a4C37C382Bc20219a0e8724c9f4016,75106,0xbc2d6E7c81E7f35473b3594031FCC4c519fD24Ad,0,0x8cdc65ba206fc77b993954b2e24ce486e5ef1fdf,1,240000000000000,80530000,152866,4932928,1743000607,0x225485b6535afa511475e66ca3f479bea5e0224d301c1425e3c362d8128b4608,NewSale
0xdDEE7338E62BE267aA970233733Ba2A3c802Ed50,75098,0xbc2d6E7c81E7f35473b3594031FCC4c519fD24Ad,0,0x2f199ae0ad0b265e70fda8182ff3cdcfc479f767,1,262000000000000,80377921,140578,4932931,1743000613,0x3165dbfd7c7f71acab2b030254aeb775d7a153cfc9999c036e35dfa0da9f5dce,NewSale
0xdDEE7338E62BE267aA970233733Ba2A3c802Ed50,75111,0xbc2d6E7c81E7f35473b3594031FCC4c519fD24Ad,0,0xf4064e9262fc2a92ea87bf565b723644cd31e77e,1,272000000000000,79955841,140566,4932949,1743000649,0xae50b4797a0fc7ff49e7f6f1199457a95109146814c066789f0bd6f82c7e43d9,NewSale
0xF18A958adc6e7675027CfE55770683aa9176f42A,75118,0xbc2d6E7c81E7f35473b3594031FCC4c519fD24Ad,0,0x8cdc65ba206fc77b993954b2e24ce486e5ef1fdf,1,250000000000000,80270000,140578,4932957,1743000665,0x131c30e4f0e81cd4045ebc2380caeb2fe84f99431cb4996da3fb8b54547608d5,NewSale
0xC0DEc165A5d6e6766Fbc35c977f89535899D0411,74777,0xbc2d6E7c81E7f35473b3594031FCC4c519fD24Ad,0,0xa4f3cfb3f4605eb31f07a7d20b26863ff5937667,1,259999990000000,80179929,142201,4932957,1743000665,0x2428d62179f78808e9a04124fa68c8eca5a40c7c9876058ecd37d359c22a3d82,NewSale
0x4A7Cc8ADb43c669dE2eCae7317Be7f19B9ABda55,75113,0xbc2d6E7c81E7f35473b3594031FCC4c519fD24Ad,0,0x6239ab13c270ed3f39bc02e43f13c2b6523617a6,1,295000000000000,80200000,157690,4932973,1743000697,0x479011dc5e016a116c7c46a4c94fa0a8c363dbf1cbcc323ad710ceeb4b3373a4,NewSale
0x8fB64389D3eac9FCC77E1AFBF57FcBf2df8723dd,75089,0xDfC21bE7cC791a5f03A95E836D385bBC6d7dF384,1329,0x2f199ae0ad0b265e70fda8182ff3cdcfc479f767,1,390000000000000,80015351,155258,4932974,1743000699,0x71a2ea8c2e314d00c5a6deb2be60e08431ef89b591bae7716419c8442ee6a27b,NewSale
0xC0DEc165A5d6e6766Fbc35c977f89535899D0411,74777,0xbc2d6E7c81E7f35473b3594031FCC4c519fD24Ad,0,0x8cdc65ba206fc77b993954b2e24ce486e5ef1fdf,1,259999990000000,80020000,142201,4932989,1743000729,0x34963d7b36fa6a8fbed45e553db5de9afb66d7fa5418bc09b9416f1e03f55d3d,NewSale
0xC0DEc165A5d6e6766Fbc35c977f89535899D0411,74893,0xbc2d6E7c81E7f35473b3594031FCC4c519fD24Ad,0,0x691205218883d60103c61aae7b120145fd5bc743,1,249999990000000,79557522,142201,4932991,1743000733,0x9f2929a6914d14b0b646ce2a168112e703225c9e1422fed3d1f9d29ee651aad1,NewSale
0xC0DEc165A5d6e6766Fbc35c977f89535899D0411,74779,0xbc2d6E7c81E7f35473b3594031FCC4c519fD24Ad,0,0xa4f3cfb3f4605eb31f07a7d20b26863ff5937667,1,269999990000000,79648003,142201,4932995,1743000741,0x41e32b5195fa7e23afd0e7fc290a4de774e94de848a7ec2ae1a93c4ff5ed21b3,NewSale
0xC0DEc165A5d6e6766Fbc35c977f89535899D0411,74893,0xbc2d6E7c81E7f35473b3594031FCC4c519fD24Ad,0,0xd175c436b84d51a85345a75055be4a2228550ec2,1,249999990000000,79560000,142201,4933009,1743000769,0x99287cfa336781510d8a83c87fac9b8de0ab9cd5cfe794daf1c5a2fcd53666cb,NewSale
0xC0DEc165A5d6e6766Fbc35c977f89535899D0411,74893,0xbc2d6E7c81E7f35473b3594031FCC4c519fD24Ad,0,0x691205218883d60103c61aae7b120145fd5bc743,1,249999990000000,79051888,142201,4933013,1743000777,0xd3b6df1eda2b66683b66e5da247513f37bf434cf00a8e64d214cf1690b9122e0,NewSale
0xF18A958adc6e7675027CfE55770683aa9176f42A,75123,0xbc2d6E7c81E7f35473b3594031FCC4c519fD24Ad,0,0x8cdc65ba206fc77b993954b2e24ce486e5ef1fdf,1,250000000000000,79560000,140578,4933016,1743000783,0x0925af27cde07bd9ecce50a27e07681cc8b36b52933a5b273ad3066c99f7dc85,NewSale
0xC0DEc165A5d6e6766Fbc35c977f89535899D0411,74893,0xbc2d6E7c81E7f35473b3594031FCC4c519fD24Ad,0,0xf4064e9262fc2a92ea87bf565b723644cd31e77e,1,249999990000000,79320654,142201,4933019,1743000789,0x22f5e1abaadbac3fbe5f485231f44770a90e8cca5aa7b8e450998a00c7cb8b28,NewSale
0xC0DEc165A5d6e6766Fbc35c977f89535899D0411,74893,0xbc2d6E7c81E7f35473b3594031FCC4c519fD24Ad,0,0xf47b8faa4f71f00ddd7b06c7c167786d9dfb807b,1,249999990000000,79366713,142201,4933022,1743000795,0x204114600443056fc34418e85157755495970e2aeeb64660161ceaa70d1c822b,NewSale
0xC0DEc165A5d6e6766Fbc35c977f89535899D0411,74893,0xbc2d6E7c81E7f35473b3594031FCC4c519fD24Ad,0,0xf4064e9262fc2a92ea87bf565b723644cd31e77e,1,249999990000000,80200332,142201,4933036,1743000823,0x473fd6842d10521a8c3a619d8be60af5a379e59a5fb4d4ef2f9b87d145b589fb,NewSale
0xC0DEc165A5d6e6766Fbc35c977f89535899D0411,74779,0xbc2d6E7c81E7f35473b3594031FCC4c519fD24Ad,0,0xa4f3cfb3f4605eb31f07a7d20b26863ff5937667,1,269999990000000,80347177,142201,4933037,1743000825,0x1ccf0f3e6a9037d53bbd9b721c6fbaa0dfcc5badd0a14e5f3eaba6cc24473463,NewSale
0xF18A958adc6e7675027CfE55770683aa9176f42A,75119,0xbc2d6E7c81E7f35473b3594031FCC4c519fD24Ad,0,0x0222346277ab8f3f9a347323cffed56b5c0acbe2,1,250000000000000,80733300,140578,4933044,1743000839,0x947c10300fc8dab976329f373362bd323b539c0a3452e9e612819741dbfeeaae,NewSale
0xC0DEc165A5d6e6766Fbc35c977f89535899D0411,74779,0xbc2d6E7c81E7f35473b3594031FCC4c519fD24Ad,0,0xa4f3cfb3f4605eb31f07a7d20b26863ff5937667,1,269999990000000,80760386,142201,4933055,1743000861,0xd9a3aad05030e8014f9fbea8160a79bcc894cbf672514c5d33cc504ecb8f75e6,NewSale
0xeF0Ef28b882d166B732d00A01Ea762B9CCd3FE44,75129,0xbc2d6E7c81E7f35473b3594031FCC4c519fD24Ad,1,0xbc7c63002c69db627f7153a2ba60dd3ed8dc9d85,1,245000000000000,80775993,142177,4933056,1743000863,0x56e33e55ae277d1771b4b8ac6aa9d9a035d979a5d667baae7ee769654d53cdd3,NewSale
0xF18A958adc6e7675027CfE55770683aa9176f42A,75126,0xbc2d6E7c81E7f35473b3594031FCC4c519fD24Ad,0,0x6239ab13c270ed3f39bc02e43f13c2b6523617a6,1,300000000000000,80890000,140590,4933089,1743000929,0x386f9266acb84c41aa27ede5c1d58ea43cd6fa8809667c63e6b66e6e21558a71,NewSale
0xC0DEc165A5d6e6766Fbc35c977f89535899D0411,74893,0xbc2d6E7c81E7f35473b3594031FCC4c519fD24Ad,0,0xd3a8a80267cd70a45def5054d0c10ebe87f3a1a0,1,249999990000000,80658226,142201,4933091,1743000933,0xb23a5f98728bec4125f9c9800affff094f2881c250acada9c0ba7903af753697,NewSale
0xeF0Ef28b882d166B732d00A01Ea762B9CCd3FE44,75129,0xbc2d6E7c81E7f35473b3594031FCC4c519fD24Ad,1,0x54fe0d25dd0fcd4a16ac14a7300e620016e65071,1,245000000000000,80610000,159277,4933113,1743000977,0x229193e0f63590f2b9258bde7bc55c46e94217ad03686ae2c868a87967c531af,NewSale
0x691205218883d60103C61AAe7B120145FD5Bc743,75134,0xbc2d6E7c81E7f35473b3594031FCC4c519fD24Ad,1,0x956a8abc4e11881f6cc537d7b6ed8276a03b4003,1,240000000000000,80287978,152866,4933154,1743001059,0x6d12e3f55443a359f059ac43a94f74eda01bb6617bfe09dea6f1aac504fc9774,NewSale
0x691205218883d60103C61AAe7B120145FD5Bc743,75139,0xbc2d6E7c81E7f35473b3594031FCC4c519fD24Ad,0,0x956a8abc4e11881f6cc537d7b6ed8276a03b4003,1,240000000000000,80129992,140566,4933181,1743001113,0xe6fc25e584edfd41611aadbad2ee79afc6cb3ed48133ff44cd92fbd476115f50,NewSale
0x9A8a11025df3F8424DbDa33cd1E046aBE9ABB809,75041,0x897d1cBBeDC44c8371672e8cA72555b5194D6D86,0,0x02640562036ab668079fd5be8a6ebd212515a7ca,1,1340000000000000,80818317,162499,4933209,1743001169,0xd916e1d5c9c39a92c70ed11ea1065f871ea98814e70438837db012950b0957a7,NewSale
0x3df11E68547d9740ae06b8567bB200e577c64d64,74784,0xbc2d6E7c81E7f35473b3594031FCC4c519fD24Ad,0,0xab17a4d36cf851b66a52f47eaed028642d4ae6bf,1,300000000000000,81036056,140590,4933211,1743001173,0x3885c0f4d6c570d4dcb0a799b0297354f83c36755fb58be29a4588596d6aa951,NewSale
0x9c7430AFc305B1bde1E40875Cc508DE0824A0463,75143,0xbc2d6E7c81E7f35473b3594031FCC4c519fD24Ad,0,0x4cc2f8d9a9574fd8c41298f10ae8160c559ac7c1,1,230000000000000,81265398,140578,4933236,1743001223,0xd1d7eb64b7379f473268e0e6258d8c6913abae30d1d14ba32fcb84a40de8bb2f,NewSale
0xd3A8a80267Cd70a45def5054D0c10EbE87F3A1a0,75157,0xbc2d6E7c81E7f35473b3594031FCC4c519fD24Ad,0,0x793e2ec43799be6cb5b23ee9dc0f0f4b38719264,1,240000000000000,80680314,140566,4933283,1743001317,0x0a362386846047a567471b17cfe3bfbb65c13a9c2e07de04412b98b4d7902867,NewSale
0x0D7e8E27707Ac0e659F5968D509bD0A1b18b62FF,75142,0xbc2d6E7c81E7f35473b3594031FCC4c519fD24Ad,0,0xad89c57d5b1409d265957863e0b156cf0e908945,1,230000000000000,80463061,140578,4933302,1743001355,0xe798236ca8d5c647e41f644b8bb79460ce08428e7d968acd95e65a79c52e2df3,NewSale
0xf47B8FAA4F71F00Ddd7b06c7c167786d9dfb807b,75167,0xbc2d6E7c81E7f35473b3594031FCC4c519fD24Ad,0,0xd3a8a80267cd70a45def5054d0c10ebe87f3a1a0,1,220000000000000,79516696,140578,4933342,1743001435,0x62bff820e0c87ade30a91b82fb1a5abd3ed9930d6783c9be2a26499ef61a4c31,NewSale
0xC0DEc165A5d6e6766Fbc35c977f89535899D0411,74779,0xbc2d6E7c81E7f35473b3594031FCC4c519fD24Ad,0,0xa4f3cfb3f4605eb31f07a7d20b26863ff5937667,1,269999990000000,78997084,142201,4933357,1743001465,0xc8847d9c6bee69f1bb1f7a47cc2fe2a01c1484ee1af083ae8441742a60989aaf,NewSale
0x691205218883d60103C61AAe7B120145FD5Bc743,75147,0xbc2d6E7c81E7f35473b3594031FCC4c519fD24Ad,0,0xd3a8a80267cd70a45def5054d0c10ebe87f3a1a0,1,230000000000000,78700923,140578,4933385,1743001521,0xe1db7ae3f634dda899ced32c9d7909b7f7dba1d8557186b2671ddba70adbd5e2,NewSale
0x9c7430AFc305B1bde1E40875Cc508DE0824A0463,75149,0xbc2d6E7c81E7f35473b3594031FCC4c519fD24Ad,0,0xd3a8a80267cd70a45def5054d0c10ebe87f3a1a0,1,230000000000000,78386200,140578,4933422,1743001595,0x06daef3de21bbf92af5c10d36b444d475ac2907fe9c5b68569fdca1311d1b478,NewSale
0x691205218883d60103C61AAe7B120145FD5Bc743,75162,0xbc2d6E7c81E7f35473b3594031FCC4c519fD24Ad,0,0xd3a8a80267cd70a45def5054d0c10ebe87f3a1a0,1,230000000000000,77233683,140578,4933453,1743001657,0x3bd2141f25e4daaab822c81b2ba1e9ea30293a81a5a1a9c033e86b6f609b498c,NewSale
0x2065b7a05102C48A44CB985a1E1f466ac9cEE08C,75176,0xbc2d6E7c81E7f35473b3594031FCC4c519fD24Ad,0,0x6239ab13c270ed3f39bc02e43f13c2b6523617a6,1,275000000000000,77610000,140578,4933454,1743001659,0x7b2ae6f5b54f302ed47b181eeedb22652b715537e5bcbde79c284838132cb49c,NewSale
0x366Fb63c0e3F799cc3cCFB854f10C6EF6DA27264,75079,0xdc0F91C5a4D200FfC21658901c77c0fE1A14d199,0,0x4381856902077d6ffbb2227af9d0eccca37f9c39,1,500000000000000,77503312,167283,4933468,1743001687,0x01b2653fb51f7cab5bcbdfa7eb82c8e7dd82253d79f247bb43858bfb7042b8aa,NewSale
0x2065b7a05102C48A44CB985a1E1f466ac9cEE08C,75179,0xbc2d6E7c81E7f35473b3594031FCC4c519fD24Ad,0,0x6239ab13c270ed3f39bc02e43f13c2b6523617a6,1,275000000000000,77120000,140578,4933488,1743001727,0xdeec828447c1f53316d24853b6736c9cb47386ddc7cd5ddb5c20001469ddd50b,NewSale
0xC0DEc165A5d6e6766Fbc35c977f89535899D0411,74893,0xbc2d6E7c81E7f35473b3594031FCC4c519fD24Ad,0,0x4a7cc8adb43c669de2ecae7317be7f19b9abda55,1,249999990000000,76450000,142201,4933507,1743001765,0x235b2d71d12d8f227f5d87656d61bba89477817ee2fa40f800085b6e8572f449,NewSale
0xb9EF6244c55087b03C042Fa643Abf0df9BFCe95E,75193,0xbc2d6E7c81E7f35473b3594031FCC4c519fD24Ad,0,0x4a7cc8adb43c669de2ecae7317be7f19b9abda55,1,270000000000000,76290000,140578,4933524,1743001799,0xc98c6de6bb97e23008a1e4137483ca43a7992ecaf59d73d8816f0c7789389d92,NewSale
