listing_creator,listing_id,asset_contract,token_id,buyer,quantity_bought,total_price_paid,gas_price,gas_used,block_number,timestamp,transaction_hash,event_type
0x07c5f232655349A44284F152C63Ca4991E016242,69317,0xbc2d6E7c81E7f35473b3594031FCC4c519fD24Ad,0,0x77786ee7bb87a50c5803354777e45fb65f6d7779,1,280000000000000,86891725,140578,4877750,1742890251,0xa00054ea00c9742b4d9c2b3869aa06fc8ead0301ebeebad5d5393093ef654d26,NewSale
0xE7389a2D3efdAA1ef330a4476f423c40Af362e39,68301,0x6EF07dE7778f607b8658e743bd42Ad4Db277d54C,26,0x5ec72190cba56bd9dd55aa885f81115f6e9174d6,1,33000000000000000000,87444276,180539,4877752,1742890255,0xd8ed3715ca11cdd890c9098539fdf11c085c0024ea4964926a29cfea5319458c,NewSale
0x164609fe5aE90Ee2110Fb9DF0b8E434e4EA313e3,69339,0xdc0F91C5a4D200FfC21658901c77c0fE1A14d199,0,0x73f6171d2c8a27c83401a53cbf8bd3b8167f939b,1,820000000000000,87360000,145383,4877759,1742890269,0xed36d37acf1f5eda3619a7b9734713dc90f8fe40909fe679056287d23f075be0,NewSale
0x07c5f232655349A44284F152C63Ca4991E016242,69323,0xbc2d6E7c81E7f35473b3594031FCC4c519fD24Ad,0,0x09226cc1a32642ac84fbf0d0d8e0c3a318121645,1,280000000000000,87360000,135778,4877759,1742890269,0x351c249caa61441a554a70ffa66cd98f7d9c409c63137154167558e90a7fd15b,NewSale
0xbAa9672503be4067CCc6eBB08BEe52af3e0b3b4C,69366,0x2Bf46D4497e98FbA2304B0d2453922FFf559Ea02,28,0xef224f0a4fac6939841990248fffda665f95755c,1,850000000000000,87350000,164783,4877770,1742890291,0x7d132ae35c7f091fca5560249608e607657bb7eb1308ba879f960fe6d2d3c3e0,NewSale
0xE7389a2D3efdAA1ef330a4476f423c40Af362e39,68298,0x6EF07dE7778f607b8658e743bd42Ad4Db277d54C,27,0x5ec72190cba56bd9dd55aa885f81115f6e9174d6,1,33000000000000000000,87511527,180539,4877776,1742890303,0xcbabfa6f5c3a8a30f441f26b862fefd2a26856bbdd57318b4ac9de82b286a2d2,NewSale
0xE7389a2D3efdAA1ef330a4476f423c40Af362e39,68297,0x6EF07dE7778f607b8658e743bd42Ad4Db277d54C,28,0x5ec72190cba56bd9dd55aa885f81115f6e9174d6,1,33000000000000000000,88118693,180539,4877791,1742890333,0x9570bd93fac2330ff342913814aa836f05be0a0ab022207fc10eaebdc90bb8a4,NewSale
0x209B6C6AB564d19fC31d6322A8cDA553BADc2C70,69346,0x02e21A25F0038fa5BDEe9c0b77aC0c1E84d3d6f0,1536,0x1307ab404e65818318f9590ffd63ea8ff1720c8a,1,290000000000000,87670000,155258,4877793,1742890337,0xfbd057b3f5d0fb8684a2b01e414641d264a7d5a776174b5b6d4d5b6f436aa68d,NewSale
0xc61e6Dc9C609D5FF6C0927297A87C6FA9AAF4418,69285,0xbc2d6E7c81E7f35473b3594031FCC4c519fD24Ad,1,0xdb93440afab57da665126084eddf9ac9f91c9a82,1,290000000000000,88040000,135790,4877798,1742890347,0xe9120c1f8e9d5dd50b581338174675e4bf538cad64caddd81872dd63ee3e2205,NewSale
0x4324d85d7B5436c95E5F4CbdCc90B8c1ae6CAffa,68107,0x02e21A25F0038fa5BDEe9c0b77aC0c1E84d3d6f0,1631,0x1307ab404e65818318f9590ffd63ea8ff1720c8a,1,400000000000000,88920000,138146,4877808,1742890367,0x848af3d212c4304ddd7ea52cb02e7684fb061efcee5e53ae09ba6b598811d6a6,NewSale
0x4324d85d7B5436c95E5F4CbdCc90B8c1ae6CAffa,68102,0x02e21A25F0038fa5BDEe9c0b77aC0c1E84d3d6f0,1634,0x1307ab404e65818318f9590ffd63ea8ff1720c8a,1,400000000000000,88950000,138146,4877821,1742890393,0x8ce792a960871d3eb04fba05676051fe9641906120f57cfbd193a512a9c390c1,NewSale
0x4324d85d7B5436c95E5F4CbdCc90B8c1ae6CAffa,68108,0x02e21A25F0038fa5BDEe9c0b77aC0c1E84d3d6f0,1630,0x1307ab404e65818318f9590ffd63ea8ff1720c8a,1,400000000000000,89180000,133346,4877856,1742890463,0xf2490bee82877b5ba46b26d314bf87751f44e88891e671514523cb4ee2a85e9f,NewSale
0x61DB4E3144b8EAca024826fdE9483C1646497E34,69289,0xbc2d6E7c81E7f35473b3594031FCC4c519fD24Ad,1,0x1307ab404e65818318f9590ffd63ea8ff1720c8a,1,290000000000000,90240000,152890,4877856,1742890463,0xa1ab080dc46d388c940409e76e337e402a7a6661ad1044236074774c6e03c41f,NewSale
0xB40D8D269ADaf1D4aD8097f8368e8411E0600d4D,69232,0xbc2d6E7c81E7f35473b3594031FCC4c519fD24Ad,1,0xdb93440afab57da665126084eddf9ac9f91c9a82,1,299000000000000,89180000,135790,4877856,1742890463,0x162b6aef712b2e065a29b263e73dca68d6092391ff660263ccbb09a2c17941e5,NewSale
0x8B4F03E5EBAA5BcdfC04D9911e0C6cc219Fb05C5,69386,0xdc0F91C5a4D200FfC21658901c77c0fE1A14d199,0,0x3c5db8ad9b679d96dc037b84926d901dd2f756e6,1,650000000000000,90750256,145383,4877862,1742890475,0xf3ba8bf2093376d81c6133387b9da2eb2b79d4ae5970f3357913c511d8a2dd71,NewSale
0xbAa9672503be4067CCc6eBB08BEe52af3e0b3b4C,69367,0x2Bf46D4497e98FbA2304B0d2453922FFf559Ea02,86,0xef224f0a4fac6939841990248fffda665f95755c,1,840000000000000,90460000,164783,4877866,1742890483,0x0e0a9b3e86bb43f50657d658ac313e6b93aa32dc4b927fedcd1bfafe15c4d12e,NewSale
0x5D5E9afE3E658422c875404e734aD6b5b6c36f68,68120,0x02e21A25F0038fa5BDEe9c0b77aC0c1E84d3d6f0,1622,0x1307ab404e65818318f9590ffd63ea8ff1720c8a,1,400000000000000,90820000,138146,4877873,1742890497,0xff9d7d6ec0ef394180402007241aaf28d096b3f8093c9f9060bcd6ffee7947f5,NewSale
0x2065b7a05102C48A44CB985a1E1f466ac9cEE08C,69116,0xbc2d6E7c81E7f35473b3594031FCC4c519fD24Ad,0,0xdb93440afab57da665126084eddf9ac9f91c9a82,1,300000000000000,90820000,140590,4877874,1742890499,0x5844c2d904072c883d629be8725d37afa984bc5b7c8a642564e735dd3746236b,NewSale
0x5037ec1560AA918e8f9E2405D8590F8Fd3BA6658,69333,0xbc2d6E7c81E7f35473b3594031FCC4c519fD24Ad,0,0x1307ab404e65818318f9590ffd63ea8ff1720c8a,1,299900000000000,91680000,140590,4877880,1742890511,0xf86df045cad042e3b0af98e5ce768fd6cc7e9320faf57edc411dca0e4594dca4,NewSale
0xeb418E53EFcDc351137C9A81c70967b8D7063f4C,69375,0x7e5F161dd824d98AC3474eBf550716d0cb83E8C6,0,0x23ed26db37221ecb57d1626f92b2d53fd293d5a2,1,30000000000000000000,91367380,186930,4877885,1742890521,0x24f7583894c34f841a850944bd5e100ebfdd7b1f4d1cd810c1a54b0674346897,NewSale
0x2065b7a05102C48A44CB985a1E1f466ac9cEE08C,69123,0xbc2d6E7c81E7f35473b3594031FCC4c519fD24Ad,0,0xdb93440afab57da665126084eddf9ac9f91c9a82,1,300000000000000,91630000,140590,4877903,1742890557,0x6e4eb80af4aed9792b7455542653ad4d203a62c960b96c4d5ffc5d7b63de3023,NewSale
0x2065b7a05102C48A44CB985a1E1f466ac9cEE08C,69139,0xbc2d6E7c81E7f35473b3594031FCC4c519fD24Ad,0,0xdb93440afab57da665126084eddf9ac9f91c9a82,1,300000000000000,92370000,140590,4877924,1742890599,0x265d0915329187a3f41f8f24207777e77a4d3ac7cf881f5d929fc670c4ae4f6c,NewSale
0x77786EE7BB87A50C5803354777E45Fb65f6d7779,69390,0xbc2d6E7c81E7f35473b3594031FCC4c519fD24Ad,0,0xb861eb26f89a3395e7e53ff83518b620d29b0c15,1,190000000000000,92430000,157678,4877932,1742890615,0x9ac8fa2dc81a3bc8ad87b7fab2a8edb0d1dbf365e57cb917dd0c66a3e8a952b9,NewSale
0x9B5F2f8231ca61F1408d41f8f0FB352069eA9ee1,69396,0xdc0F91C5a4D200FfC21658901c77c0fE1A14d199,0,0x6f4e47857020ce7610878f3ebe83a09a66a4d816,1,450000000000000,92430000,145383,4877936,1742890623,0x04cc63914d2ebe6e50096fb159a6cc2b9006a6807815bcedbd63b0677994a34f,NewSale
0x2065b7a05102C48A44CB985a1E1f466ac9cEE08C,69147,0xbc2d6E7c81E7f35473b3594031FCC4c519fD24Ad,0,0xdb93440afab57da665126084eddf9ac9f91c9a82,1,300000000000000,93100000,140590,4877964,1742890679,0xf41613d89e8943f460c4aa74b98e02ab117f95fec1632b57d1d4b47a266976cc,NewSale
0x77786EE7BB87A50C5803354777E45Fb65f6d7779,69394,0xbc2d6E7c81E7f35473b3594031FCC4c519fD24Ad,0,0xb861eb26f89a3395e7e53ff83518b620d29b0c15,1,200000000000000,93400000,140578,4877975,1742890701,0xa69e0530acd22dee7dc18ec9e73483137e6676c96b7f7ba137238d03d0947732,NewSale
0x77786EE7BB87A50C5803354777E45Fb65f6d7779,69397,0xbc2d6E7c81E7f35473b3594031FCC4c519fD24Ad,0,0x87b394d8832a1b00170f5238d7ccd67dc68c4223,1,200000000000000,93930000,157666,4877998,1742890747,0x2921c34b5ee5bde4daf579f0cc708e4f1a941ce54ef3a3a48cbbdc101abc879d,NewSale
0xE7389a2D3efdAA1ef330a4476f423c40Af362e39,68291,0x6EF07dE7778f607b8658e743bd42Ad4Db277d54C,31,0x5ec72190cba56bd9dd55aa885f81115f6e9174d6,1,55000000000000000000,93941910,180539,4878022,1742890795,0xefc568485ec5d9afae3c0c2ed76fb2abe6378f2b5dc2819640e03287ae7effd4,NewSale
0x5D5E9afE3E658422c875404e734aD6b5b6c36f68,68122,0x02e21A25F0038fa5BDEe9c0b77aC0c1E84d3d6f0,1620,0x5ec72190cba56bd9dd55aa885f81115f6e9174d6,1,400000000000000,94476020,155246,4878043,1742890837,0x2ab8a0eb2f443d4f468a0153fdf74483bb9c112b4f785089b7dc423c57cb1ccd,NewSale
0x473599FAFfa046Ed83eC7f12D9154f10bbC16aC7,69388,0xbc2d6E7c81E7f35473b3594031FCC4c519fD24Ad,1,0x38a372e98101708911675801225554ac6d524b2f,1,310000000000000,94170000,152890,4878048,1742890847,0x7d404b18e23cfcdc9e7a702cb79fff8955ef23efe1d3594022731bf22adc33da,NewSale
0x1307ab404e65818318F9590fFD63ea8Ff1720c8a,69404,0x02e21A25F0038fa5BDEe9c0b77aC0c1E84d3d6f0,1622,0x1f23afa0e204ec58d6cb49f2832af9e586a16f29,1,400000000000000,181689510,155246,4878060,1742890871,0xed87e888c4c7f80c166080fbc85c6ef224cd33f160704415a3e75424e5a7177d,NewSale
0x5D5E9afE3E658422c875404e734aD6b5b6c36f68,68789,0x02e21A25F0038fa5BDEe9c0b77aC0c1E84d3d6f0,1621,0x5ec72190cba56bd9dd55aa885f81115f6e9174d6,1,400000000000000,95837976,138146,4878063,1742890877,0xc90900b3bc15b5ab0ca27e556a798bfb0684d13c9fb931af61166b967c0fa72e,NewSale
0xE0BBA9ef3bD7FB5E875Ec21F72ED5E021F68195d,69389,0xdc0F91C5a4D200FfC21658901c77c0fE1A14d199,0,0xbdcbae4c1879621d12c73f93b9788f8338860e9d,1,800000000000000,96159720,167271,4878068,1742890887,0x11ceb1eb80f6d521269a8930e2d432ba3d5961f1641de86ce41b618a563bdbba,NewSale
0x77786EE7BB87A50C5803354777E45Fb65f6d7779,69400,0xbc2d6E7c81E7f35473b3594031FCC4c519fD24Ad,0,0x5037ec1560aa918e8f9e2405d8590f8fd3ba6658,1,200000000000000,183938698,140578,4878096,1742890943,0xa83ba13bc2c7f9ebe13a1d0d706b438ee76870aecedf90bd6f6204c6ddd4179a,NewSale
0x1ac47a59b18d89Dc7a0905A0E576B860cc93EBBB,68998,0x02e21A25F0038fa5BDEe9c0b77aC0c1E84d3d6f0,1632,0x5ec72190cba56bd9dd55aa885f81115f6e9174d6,1,400000000000000,95953198,138146,4878136,1742891023,0xabb5bea2a88ca0c07152f7c6349ece7e363a1c9cd8df6c76bfe11c9519f5591d,NewSale
0x57382300C3744D10F7bED288BFfE8c9d437aA960,69407,0xbc2d6E7c81E7f35473b3594031FCC4c519fD24Ad,1,0xb861eb26f89a3395e7e53ff83518b620d29b0c15,1,299000000000000,94380000,152890,4878142,1742891035,0xccc3c4c624affd2122eb1890395b3e8c6af4c586617079141c266372b22e5dd0,NewSale
0x2065b7a05102C48A44CB985a1E1f466ac9cEE08C,69145,0xbc2d6E7c81E7f35473b3594031FCC4c519fD24Ad,0,0x7c2ffb059a5b0a9dad492d57484626bc16cac021,1,300000000000000,95900000,140590,4878160,1742891071,0xc8670fae8e3799f122ac3b1c0538dc7fc93faf7fe9c7ea445b3a56f1f918b8ec,NewSale
0x64f7C019021aC74A68D90D08491Ca43b2a632E71,69419,0xbc2d6E7c81E7f35473b3594031FCC4c519fD24Ad,1,0x529f71b8285ecbabf59359e9284e98ad05e683e7,1,15130000000000000000,182618029,178454,4878165,1742891081,0x2db9acaeb62ee021a40b10ac9b9c668026f613656b66e21e1a1ee5777dd0a79a,NewSale
0x2065b7a05102C48A44CB985a1E1f466ac9cEE08C,69103,0xbc2d6E7c81E7f35473b3594031FCC4c519fD24Ad,0,0xf586a2940180725ebe8f411824b0ab6fa589ed60,1,300000000000000,95986147,157690,4878173,1742891097,0xcef7881da7031f7fbc18939425cb5e6b998c17f64607ce68543ba99d70374e4d,NewSale
0x5D5E9afE3E658422c875404e734aD6b5b6c36f68,68123,0x02e21A25F0038fa5BDEe9c0b77aC0c1E84d3d6f0,1619,0x4fedd69d57cd378a0906bd185b7678478868e719,1,400000000000000,182450000,155246,4878176,1742891103,0x9a48c32888c477b00ca88a89cdcfe3875fdfa6c7189010135fef918f2e2a7f37,NewSale
0xeb418E53EFcDc351137C9A81c70967b8D7063f4C,69374,0x7e5F161dd824d98AC3474eBf550716d0cb83E8C6,0,0x38a372e98101708911675801225554ac6d524b2f,1,500000000000000,97030000,164783,4878182,1742891115,0x14964d4e1fae74b7ca8579b3910c230b0ff84225b68cbc6d4003825de6cf5cbf,NewSale
0x64f7C019021aC74A68D90D08491Ca43b2a632E71,69419,0xbc2d6E7c81E7f35473b3594031FCC4c519fD24Ad,1,0x529f71b8285ecbabf59359e9284e98ad05e683e7,1,15130000000000000000,183507773,161354,4878183,1742891117,0x17a2c9f6ae015833089271a1a0bb13a76108be26a53ec6f3247bb20ecd7514c4,NewSale
0x1307ab404e65818318F9590fFD63ea8Ff1720c8a,69425,0xbc2d6E7c81E7f35473b3594031FCC4c519fD24Ad,0,0x7c2ffb059a5b0a9dad492d57484626bc16cac021,1,190000000000000,96710000,140578,4878185,1742891121,0xb897f142b18c266ba087492d86c6359cb87b983b4d5481e2c1d7c0969d098b23,NewSale
0x2065b7a05102C48A44CB985a1E1f466ac9cEE08C,69108,0xbc2d6E7c81E7f35473b3594031FCC4c519fD24Ad,0,0xf3a84d6e9dd7eb9ec1e48f3e326d91f18f0f7f89,1,300000000000000,97132606,157690,4878194,1742891139,0xcb7d6b4a962d377c22def2241fb5c8358dce57f3063c553808d2495e4d720aaa,NewSale
0x1307ab404e65818318F9590fFD63ea8Ff1720c8a,69421,0xbc2d6E7c81E7f35473b3594031FCC4c519fD24Ad,1,0x984061a332f0d28e3ae8875ac953e2ab38a4608a,1,190000000000000,97100000,135778,4878194,1742891139,0xdf02a7bcfca2723886e5035eab1059d61dddab173c969c8590e156a3d994b41a,NewSale
0x5D5E9afE3E658422c875404e734aD6b5b6c36f68,68930,0x02e21A25F0038fa5BDEe9c0b77aC0c1E84d3d6f0,1618,0x4fedd69d57cd378a0906bd185b7678478868e719,1,400000000000000,183620000,138146,4878196,1742891143,0xe2ea0a343bcdc5098025699961b5189b22e5b1da79b1c00e948f1a4b452bd40c,NewSale
0x64f7C019021aC74A68D90D08491Ca43b2a632E71,69419,0xbc2d6E7c81E7f35473b3594031FCC4c519fD24Ad,1,0x529f71b8285ecbabf59359e9284e98ad05e683e7,1,15130000000000000000,184129428,161354,4878203,1742891157,0xbd1360cfdc4893d27414d4784acef7c26d093be9de0049721ff8bf259893cc1b,NewSale
0x1307ab404e65818318F9590fFD63ea8Ff1720c8a,69428,0x02e21A25F0038fa5BDEe9c0b77aC0c1E84d3d6f0,1536,0x4fedd69d57cd378a0906bd185b7678478868e719,1,390000000000000,183530000,138158,4878210,1742891171,0x7cef248dace1df631c29d5756e2e9e56efbda5c92b19a40ec9b52628f589193f,NewSale
0x465964e185c9309978a6ceb5817a789558B7e2e4,69429,0xbc2d6E7c81E7f35473b3594031FCC4c519fD24Ad,1,0x7c2ffb059a5b0a9dad492d57484626bc16cac021,1,299000000000000,98040000,152890,4878219,1742891189,0x5ecd19e19b87dc4164f4dc928355160623bfde5112c88dfaf398abd507942d77,NewSale
0x64f7C019021aC74A68D90D08491Ca43b2a632E71,69419,0xbc2d6E7c81E7f35473b3594031FCC4c519fD24Ad,1,0x529f71b8285ecbabf59359e9284e98ad05e683e7,1,15130000000000000000,99107090,161354,4878222,1742891195,0xc977b85fc884da83c5d426cf66a3595c63037ff12c839ab8dbad05c0f14973a5,NewSale
0x881D8b4bC4313f3eD8bEC0378633468eD341aB25,69422,0xbc2d6E7c81E7f35473b3594031FCC4c519fD24Ad,1,0x7c2ffb059a5b0a9dad492d57484626bc16cac021,1,299000000000000,98940000,135790,4878239,1742891229,0x533582518c49e4925e9e3c00f0751027651de74cb49994cf9cec5d06a71a02cf,NewSale
0x64f7C019021aC74A68D90D08491Ca43b2a632E71,69419,0xbc2d6E7c81E7f35473b3594031FCC4c519fD24Ad,1,0x529f71b8285ecbabf59359e9284e98ad05e683e7,1,15130000000000000000,100095836,161354,4878241,1742891233,0x3aee84d28a7dc82e5b9a741fd8072c4a6cb5ab8f81a9b77cc877a64f60068d20,NewSale
0x1ac47a59b18d89Dc7a0905A0E576B860cc93EBBB,69007,0x02e21A25F0038fa5BDEe9c0b77aC0c1E84d3d6f0,1504,0x5ec72190cba56bd9dd55aa885f81115f6e9174d6,1,400000000000000,100127903,138146,4878257,1742891265,0x0eb8e9386c842e8a363f5b0f099c46a4557b465b5a2085ed1f4fb5c684e17733,NewSale
0x2065b7a05102C48A44CB985a1E1f466ac9cEE08C,69112,0xbc2d6E7c81E7f35473b3594031FCC4c519fD24Ad,0,0x7c2ffb059a5b0a9dad492d57484626bc16cac021,1,300000000000000,100090000,140590,4878258,1742891267,0xdb886286faa76bfefa0ebb4c4f290d082802c59aa1d3f9c62493e74a90a6b834,NewSale
0x64f7C019021aC74A68D90D08491Ca43b2a632E71,69419,0xbc2d6E7c81E7f35473b3594031FCC4c519fD24Ad,1,0x529f71b8285ecbabf59359e9284e98ad05e683e7,1,15130000000000000000,104956323,161354,4878261,1742891273,0xacc7d0f723c4d58c5529f7daf107c0fea6f8fde61eb1436b02506f385fb796a5,NewSale
0x2065b7a05102C48A44CB985a1E1f466ac9cEE08C,69149,0xbc2d6E7c81E7f35473b3594031FCC4c519fD24Ad,0,0xb861eb26f89a3395e7e53ff83518b620d29b0c15,1,300000000000000,100900000,140590,4878272,1742891295,0x6b31daf1f666bff95593231f1603078fabd9c7d4918c96f4df00327415d20d1c,NewSale
0x64f7C019021aC74A68D90D08491Ca43b2a632E71,69419,0xbc2d6E7c81E7f35473b3594031FCC4c519fD24Ad,1,0x529f71b8285ecbabf59359e9284e98ad05e683e7,1,15130000000000000000,101411594,161354,4878281,1742891313,0x06bb325fa1e049c522f3ba124ace125f09099f2b8bb220cfe0584afeb8b7fc06,NewSale
0x64f7C019021aC74A68D90D08491Ca43b2a632E71,69419,0xbc2d6E7c81E7f35473b3594031FCC4c519fD24Ad,1,0x33c9b035868e5d95eacaae112546a4f0711ca916,1,15130000000000000000,187310869,182154,4878287,1742891325,0xf893fca857c2eb5629cbd422a774c4ee4aca0fd1003bc33e7906947ed032cef6,NewSale
0x2065b7a05102C48A44CB985a1E1f466ac9cEE08C,69155,0xbc2d6E7c81E7f35473b3594031FCC4c519fD24Ad,0,0xb861eb26f89a3395e7e53ff83518b620d29b0c15,1,300000000000000,101580000,140590,4878288,1742891327,0xa918c7891692ecc98b4fd40ef3ea2b96920b2db9a9eb8740f6156ec7dacc20de,NewSale
0x64f7C019021aC74A68D90D08491Ca43b2a632E71,69419,0xbc2d6E7c81E7f35473b3594031FCC4c519fD24Ad,1,0x529f71b8285ecbabf59359e9284e98ad05e683e7,1,15130000000000000000,107891704,161354,4878301,1742891353,0x03fbbce4c6cc169c986790e6ed409406ffafd91b53331fdd9dd10698f6ce96dc,NewSale
0x2065b7a05102C48A44CB985a1E1f466ac9cEE08C,69197,0xbc2d6E7c81E7f35473b3594031FCC4c519fD24Ad,0,0xb861eb26f89a3395e7e53ff83518b620d29b0c15,1,300000000000000,100990000,140590,4878307,1742891365,0xb61687de0d74509649bf09dc168fff0f659d8f670df7606c9646c9dc046a56e6,NewSale
0x64f7C019021aC74A68D90D08491Ca43b2a632E71,69419,0xbc2d6E7c81E7f35473b3594031FCC4c519fD24Ad,1,0x529f71b8285ecbabf59359e9284e98ad05e683e7,1,15130000000000000000,188189742,161354,4878320,1742891391,0x7eadbf726a16e949589a70f6d45b1745a19f7a9d47d44552699562d1efc5632d,NewSale
0x4FedD69D57Cd378A0906Bd185b7678478868E719,69442,0x02e21A25F0038fa5BDEe9c0b77aC0c1E84d3d6f0,1536,0x969e89649066d1dd0ab21cd1cdde8f2a0595490e,1,390000000000000,101640000,155258,4878331,1742891413,0x65e2b1ec3f8aad4ef77f25f1cf9dc10227349b885b4370d3d9c7d38ffec7007a,NewSale
0x2065b7a05102C48A44CB985a1E1f466ac9cEE08C,69119,0xbc2d6E7c81E7f35473b3594031FCC4c519fD24Ad,0,0xc75e44ab534adb84acaa7e75861841ee03f40c75,1,300000000000000,101810000,140590,4878332,1742891415,0x9db1d09c23e783f811041f46d8c53f3b908cc0688c7151d78b3dc0e11b75103b,NewSale
0x2065b7a05102C48A44CB985a1E1f466ac9cEE08C,69143,0xbc2d6E7c81E7f35473b3594031FCC4c519fD24Ad,0,0xb861eb26f89a3395e7e53ff83518b620d29b0c15,1,300000000000000,101640000,140590,4878332,1742891415,0xb3891fd4f3fccb2e70beb36546d556ab333e3c36377d66db97fb7cefa22c4af2,NewSale
0x1307ab404e65818318F9590fFD63ea8Ff1720c8a,69412,0x02e21A25F0038fa5BDEe9c0b77aC0c1E84d3d6f0,1630,0x72e376572d75114509c025797b7b14f8a96f7b58,1,390000000000000,101475332,155258,4878334,1742891419,0xf1337026926282e3d2f30f61ecc08dab319004ea5aca6d65bccb7126c4230278,NewSale
0x1ac47a59b18d89Dc7a0905A0E576B860cc93EBBB,69009,0x02e21A25F0038fa5BDEe9c0b77aC0c1E84d3d6f0,1503,0x4fedd69d57cd378a0906bd185b7678478868e719,1,400000000000000,188190000,138146,4878337,1742891425,0xbb35b6f5836f85fed12dfeaaa690dd24c96bd26e73c70bb8afd07c5394628c9a,NewSale
0x64f7C019021aC74A68D90D08491Ca43b2a632E71,69419,0xbc2d6E7c81E7f35473b3594031FCC4c519fD24Ad,1,0x529f71b8285ecbabf59359e9284e98ad05e683e7,1,15130000000000000000,187419972,161354,4878339,1742891429,0x9cc4667a4ca71314a7da3771e19a90f80ace11146d9522d5185fc1761b13a2b8,NewSale
0x2065b7a05102C48A44CB985a1E1f466ac9cEE08C,69150,0xbc2d6E7c81E7f35473b3594031FCC4c519fD24Ad,0,0xb861eb26f89a3395e7e53ff83518b620d29b0c15,1,300000000000000,101540000,140590,4878353,1742891457,0x50d28a2164da9207a64e2c6c1284905bd10b462bf5e9c3ecb58a20b307205b77,NewSale
0x64f7C019021aC74A68D90D08491Ca43b2a632E71,69419,0xbc2d6E7c81E7f35473b3594031FCC4c519fD24Ad,1,0x529f71b8285ecbabf59359e9284e98ad05e683e7,1,15130000000000000000,186600215,161354,4878359,1742891469,0x4803e0e23b18e7f957a2709833f6a7aea3dd19656641d16c77b58a42539b1879,NewSale
0x5D5E9afE3E658422c875404e734aD6b5b6c36f68,68935,0x02e21A25F0038fa5BDEe9c0b77aC0c1E84d3d6f0,1440,0x4fedd69d57cd378a0906bd185b7678478868e719,1,400000000000000,187090000,138146,4878360,1742891471,0xfa2a2b5a7ec281149f2481fcb35bc038e72af5bd3968b8a2caf45aacd165bc06,NewSale
0x41f07238C5096Eb7eb68c50FE8AE5AdDECBBF5C2,69441,0xbFCACb23F0B41EeEDFf7d04f52CE8f5125150806,8,0x969e89649066d1dd0ab21cd1cdde8f2a0595490e,1,500000000000000,100910000,164783,4878364,1742891479,0xe6525dff9546d7733893969eab4489f123fc94967e94dd3700fda41f045f53b6,NewSale
0x2065b7a05102C48A44CB985a1E1f466ac9cEE08C,69158,0xbc2d6E7c81E7f35473b3594031FCC4c519fD24Ad,0,0xb861eb26f89a3395e7e53ff83518b620d29b0c15,1,300000000000000,100720000,140590,4878370,1742891491,0x96e3991d3adc6424bed50e94095d5e5c0e2fb10c2117850ac011cfd001c44102,NewSale
0x64f7C019021aC74A68D90D08491Ca43b2a632E71,69419,0xbc2d6E7c81E7f35473b3594031FCC4c519fD24Ad,1,0x529f71b8285ecbabf59359e9284e98ad05e683e7,1,15130000000000000000,100260864,161354,4878378,1742891507,0x07b90150c3672e5a4c18939663561d00081d3a58313142f0ad75e5a884b3b70b,NewSale
0x663389D18aBE779717DD6D078F07BD39F29e11A4,69443,0xbc2d6E7c81E7f35473b3594031FCC4c519fD24Ad,1,0x969e89649066d1dd0ab21cd1cdde8f2a0595490e,1,299000000000000,100190000,152890,4878386,1742891523,0xb6a8ca3240d2fde095e35c7082967393300da100647c6d0eb786c753d3543e2a,NewSale
0x2065b7a05102C48A44CB985a1E1f466ac9cEE08C,69192,0xbc2d6E7c81E7f35473b3594031FCC4c519fD24Ad,0,0xb861eb26f89a3395e7e53ff83518b620d29b0c15,1,300000000000000,100190000,140590,4878389,1742891529,0x5d10dfba05e229e74501649fa27bce6d42a3d6bd9cc450b567c078f657518c18,NewSale
0x7c2FfB059a5b0a9DAD492d57484626bC16CAC021,69450,0xbc2d6E7c81E7f35473b3594031FCC4c519fD24Ad,1,0xc75e44ab534adb84acaa7e75861841ee03f40c75,1,299000000000000,100070000,140590,4878394,1742891539,0x5440dfafe7b32dc215af2a317cadcfe3c4938d8eb0d7eb510c82f1e9b2dc4d2f,NewSale
0x9B5F2f8231ca61F1408d41f8f0FB352069eA9ee1,69424,0xdc0F91C5a4D200FfC21658901c77c0fE1A14d199,0,0xa3cec33ea39c90f37fa71709ddb421cfff1d2dc0,1,450000000000000,186832969,167283,4878395,1742891541,0x40016df4618afe9dfd14d2b3fb6fc8cfd74658701b9673e20bd9cc711633ae1c,NewSale
0x64f7C019021aC74A68D90D08491Ca43b2a632E71,69419,0xbc2d6E7c81E7f35473b3594031FCC4c519fD24Ad,1,0x529f71b8285ecbabf59359e9284e98ad05e683e7,1,15130000000000000000,187171365,161354,4878398,1742891547,0x1f0a2160d209fb48c404a6282e2d2e2db394307041bedbd1c05d4280001d0a72,NewSale
0xE9330dED109BCa7Bca2a4EFf6dD59B613252c9A0,69447,0xbc2d6E7c81E7f35473b3594031FCC4c519fD24Ad,1,0xb861eb26f89a3395e7e53ff83518b620d29b0c15,1,299000000000000,100220000,135790,4878406,1742891563,0xe87eca31452e7479e8cce1bd9674edd4b1830bd83e40007d914d73c01f784340,NewSale
0x9B5F2f8231ca61F1408d41f8f0FB352069eA9ee1,69427,0xdc0F91C5a4D200FfC21658901c77c0fE1A14d199,0,0xa3cec33ea39c90f37fa71709ddb421cfff1d2dc0,1,450000000000000,187978342,145383,4878413,1742891577,0xaba52ee1cd65464e58aace24647650590496578a76e8ee9e781decb60b5986df,NewSale
0x64f7C019021aC74A68D90D08491Ca43b2a632E71,69419,0xbc2d6E7c81E7f35473b3594031FCC4c519fD24Ad,1,0x529f71b8285ecbabf59359e9284e98ad05e683e7,1,15130000000000000000,188181642,161354,4878417,1742891585,0x88c47702c0328093bf4ba2455709bd9d847eb1036201ad45f47269459371c757,NewSale
0x4FedD69D57Cd378A0906Bd185b7678478868E719,69437,0x02e21A25F0038fa5BDEe9c0b77aC0c1E84d3d6f0,1619,0x969e89649066d1dd0ab21cd1cdde8f2a0595490e,1,390000000000000,101480000,138158,4878420,1742891591,0xb8d903c89faf93e6ebaf567ac81cb593614c39cdb3f991d87aa5cc80b2dd1767,NewSale
0x64f7C019021aC74A68D90D08491Ca43b2a632E71,69419,0xbc2d6E7c81E7f35473b3594031FCC4c519fD24Ad,1,0x529f71b8285ecbabf59359e9284e98ad05e683e7,1,15130000000000000000,189299199,161354,4878437,1742891625,0xbafe56d5d2f818f7ded8c72e16e40a0aa8c5d8177491af69b7c7f4274ed84f78,NewSale
0x87b394D8832a1b00170f5238d7CCd67dc68c4223,69460,0xbc2d6E7c81E7f35473b3594031FCC4c519fD24Ad,0,0x80fe121b69163e17bd4e9cc573652e29e48fa4ae,1,200000000000000,102700055,135778,4878437,1742891625,0xb34113f0fa51e30af1dd4725cd236ae898daa7f0a7458abc26faa6824b063e30,NewSale
0x5BCFc3Bf1981390c65d952EF0dF4E518eaf2D763,69433,0xbc2d6E7c81E7f35473b3594031FCC4c519fD24Ad,1,0x2b44f2bbf9b63d524f86693a0b0ac58c2f82b170,1,299000000000000,102470000,152890,4878439,1742891629,0x86f80641d392a7d9c36a9b01556b4154e030e170b1df5173e38aae926bc9b688,NewSale
0x9B5F2f8231ca61F1408d41f8f0FB352069eA9ee1,69438,0xEB255E4669Da7FeEf1F746a5a778b4e08b65a1A7,0,0x1f23afa0e204ec58d6cb49f2832af9e586a16f29,1,450000000000000,189085126,150183,4878444,1742891639,0xfcc77e82ceccb762a7e4c9d2d45656b91b096b121b29ad640112b81067c955d5,NewSale
0x64f7C019021aC74A68D90D08491Ca43b2a632E71,69419,0xbc2d6E7c81E7f35473b3594031FCC4c519fD24Ad,1,0x529f71b8285ecbabf59359e9284e98ad05e683e7,1,15130000000000000000,189202335,154943,4878456,1742891663,0x4165d0489a1e70242f4056eac1a966d218aa6a53f8037713707f9690e15737a6,NewSale
0xbAa9672503be4067CCc6eBB08BEe52af3e0b3b4C,69365,0x2Bf46D4497e98FbA2304B0d2453922FFf559Ea02,27,0x38a372e98101708911675801225554ac6d524b2f,1,850000000000000,102580000,164783,4878457,1742891665,0x69250fbf02f60844893f10d46b2af8fdea4d4d1a0c5c5c1dfd6dae1789ee756e,NewSale
0x9277E1Fb903916c66d253F6C63c36A8b733aD622,69470,0x2Bf46D4497e98FbA2304B0d2453922FFf559Ea02,46,0x0a6c125ec001a07bbfd2390191cbb459cef40bc4,1,580000000000000,159830000,162483,4878542,1742891835,0xd978ad8f368159ead4ad7d19ec1d64656ab9e0a9a2441cec0ce541dad54a59c5,NewSale
0xC0DEc165A5d6e6766Fbc35c977f89535899D0411,69463,0xbc2d6E7c81E7f35473b3594031FCC4c519fD24Ad,0,0x392d239ca864ea36f086196dd09d930ee3fc03ee,1,298000000000000,107470000,142201,4878593,1742891937,0x0cca3ec613debb59a0f7bdab94c7a53e25b0ad834831bd1fb073388d3174cbd5,NewSale
0x4FedD69D57Cd378A0906Bd185b7678478868E719,69475,0x02e21A25F0038fa5BDEe9c0b77aC0c1E84d3d6f0,1503,0xe7c60e30c135f132c18bef795c044e93922a6dea,1,390000000000000,213726542,155258,4878610,1742891971,0x5a4b0f0f93de18c13be53e1917918b211940911a72106b9ffda3891fc618674f,NewSale
0xD749c66fec1b134184B1F7D5cea0c6e45c46E61b,69449,0xdc0F91C5a4D200FfC21658901c77c0fE1A14d199,0,0x4fedd69d57cd378a0906bd185b7678478868e719,1,630000000000000,113940000,151794,4878610,1742891971,0x61b102c3b8082f398159d6fe5795a30a1222e7987e0827d54f67460c7c3956c8,NewSale
0x72e376572d75114509c025797B7B14f8a96f7B58,69477,0x02e21A25F0038fa5BDEe9c0b77aC0c1E84d3d6f0,1630,0x6f4e47857020ce7610878f3ebe83a09a66a4d816,1,300000000000000,107810000,150458,4878611,1742891973,0x124647ef5414254ade1f500fabc9f303f49ded3deabae4eda684364d2d98adfd,NewSale
0x7c2FfB059a5b0a9DAD492d57484626bC16CAC021,69446,0xbc2d6E7c81E7f35473b3594031FCC4c519fD24Ad,1,0xf15d3df2c37ecb70905059e6c2120932f6ebffb3,1,299000000000000,109770000,152890,4878644,1742892039,0x6b046a41faa01d4589b0aacbcab63a7101d5639c69cf3bc4bfb1fc55fb7aab79,NewSale
0xf9bA42a9296Fa8896d4bAd05A686e8f97c659734,69476,0xbc2d6E7c81E7f35473b3594031FCC4c519fD24Ad,0,0xe7c60e30c135f132c18bef795c044e93922a6dea,1,300000000000000,216962513,140590,4878668,1742892087,0x62ce8711d87bdf7ac452f81917541995780546d4de80e0448a01b19b3e4b07c3,NewSale
0x7c2FfB059a5b0a9DAD492d57484626bC16CAC021,69458,0xbc2d6E7c81E7f35473b3594031FCC4c519fD24Ad,0,0xf15d3df2c37ecb70905059e6c2120932f6ebffb3,1,299000000000000,110020000,140590,4878676,1742892103,0x24d326ad2a947c208a11f3b391f23d77962bc484b7b8efdb701bb3ce2f257736,NewSale
0xC0DEc165A5d6e6766Fbc35c977f89535899D0411,69463,0xbc2d6E7c81E7f35473b3594031FCC4c519fD24Ad,0,0xc16608636ca2c0d732aa573279b497c87e27ac77,1,298000000000000,110368075,142201,4878686,1742892123,0x923541c9f8ee9465f023e2fea28df3a3c591fe09b7fc9aa34ce26518451fae67,NewSale
0x1ac47a59b18d89Dc7a0905A0E576B860cc93EBBB,69010,0x02e21A25F0038fa5BDEe9c0b77aC0c1E84d3d6f0,1502,0x931b4c2b805099ad64599e72a32380167f990397,1,400000000000000,109990000,155246,4878694,1742892139,0xf3356b0685548ee9e5cd673751d070ae3e782c2c91a21f7d5f6d30cc06b08a6f,NewSale
0x7c2FfB059a5b0a9DAD492d57484626bC16CAC021,69454,0xbc2d6E7c81E7f35473b3594031FCC4c519fD24Ad,0,0xc0b9eb93b4b409e47ba66b69a0dda7fd4cf3c9fb,1,299000000000000,110730000,140590,4878698,1742892147,0x10a8699ba2cb18bcd2b0399f4e3e568d4d183a655a9351cc6c18656904f3766c,NewSale
0xC0DEc165A5d6e6766Fbc35c977f89535899D0411,69451,0xbc2d6E7c81E7f35473b3594031FCC4c519fD24Ad,0,0xf15d3df2c37ecb70905059e6c2120932f6ebffb3,1,299999900000000,110730000,142201,4878703,1742892157,0xc699256e893dd763ba72ea3c19279a4353aed265277a50873c1acd86ff1163fd,NewSale
0x529F71B8285ECbabF59359e9284E98AD05e683E7,69481,0xbc2d6E7c81E7f35473b3594031FCC4c519fD24Ad,1,0x64f7c019021ac74a68d90d08491ca43b2a632e71,1,15200000000000000000,217780621,178454,4878712,1742892175,0x81f709a1de9239c4ba00695a1e3617e338023d43bd5cfa6356883ae01957e49d,NewSale
0xf9bA42a9296Fa8896d4bAd05A686e8f97c659734,69465,0xbc2d6E7c81E7f35473b3594031FCC4c519fD24Ad,0,0xe7c60e30c135f132c18bef795c044e93922a6dea,1,300000000000000,218942937,140590,4878716,1742892183,0x55e1fca60641ef97539ce4b269e3dd7dd2ec6ba97d571ae56335f933594eea8e,NewSale
0xbAa9672503be4067CCc6eBB08BEe52af3e0b3b4C,68839,0x2Bf46D4497e98FbA2304B0d2453922FFf559Ea02,59,0x2b44f2bbf9b63d524f86693a0b0ac58c2f82b170,1,589999000000000,110730000,164783,4878724,1742892199,0xf72fc083f0a4e2e250f877dd452140125433a4b32cadb511d826f88060bde7a3,NewSale
0x66907de460905CB2fc07d10e2c0031D610247684,68236,0x02e21A25F0038fa5BDEe9c0b77aC0c1E84d3d6f0,1647,0x931b4c2b805099ad64599e72a32380167f990397,1,500000000000000,110630000,138158,4878724,1742892199,0xd7832b267aa4f77bb43d412039c5350618dffff7427806b3f6dea1dd1a8d3090,NewSale
0x529F71B8285ECbabF59359e9284E98AD05e683E7,69481,0xbc2d6E7c81E7f35473b3594031FCC4c519fD24Ad,1,0x64f7c019021ac74a68d90d08491ca43b2a632e71,1,15200000000000000000,218529083,161354,4878732,1742892215,0xa506f762a99191c99981e216aa1a304667a60626dd3a8568646c408af62fdbfb,NewSale
0x2065b7a05102C48A44CB985a1E1f466ac9cEE08C,69109,0xbc2d6E7c81E7f35473b3594031FCC4c519fD24Ad,0,0xf15d3df2c37ecb70905059e6c2120932f6ebffb3,1,300000000000000,110740000,140590,4878732,1742892215,0xf7e2bf75edb97542ff3ecb21f5afbc88ac03608a06af3827564c79b2267f61fd,NewSale
0x7c2FfB059a5b0a9DAD492d57484626bC16CAC021,69457,0xbc2d6E7c81E7f35473b3594031FCC4c519fD24Ad,0,0x73edbe7fc7933eed39c2504aac8fb368da96e10e,1,299000000000000,111339263,140590,4878736,1742892223,0xeff313daa9dc20e8385a5a06b0ae012a1a44f1ec2fad8635dab9cfbf100202b6,NewSale
0xC0DEc165A5d6e6766Fbc35c977f89535899D0411,69451,0xbc2d6E7c81E7f35473b3594031FCC4c519fD24Ad,0,0xc0b9eb93b4b409e47ba66b69a0dda7fd4cf3c9fb,1,299999900000000,111070000,142201,4878740,1742892231,0xc9afb5bff78a6f3fc09c6580446da2c316384bd5b4467f61b7a266ed74eadc13,NewSale
0x529F71B8285ECbabF59359e9284E98AD05e683E7,69481,0xbc2d6E7c81E7f35473b3594031FCC4c519fD24Ad,1,0x64f7c019021ac74a68d90d08491ca43b2a632e71,1,15200000000000000000,111842809,161354,4878752,1742892255,0xb42225f55129d8dad83547c7eeb567a9a3f320c4d209bc029288bd8bf8c3ef7e,NewSale
0x2065b7a05102C48A44CB985a1E1f466ac9cEE08C,69135,0xbc2d6E7c81E7f35473b3594031FCC4c519fD24Ad,0,0xf15d3df2c37ecb70905059e6c2120932f6ebffb3,1,300000000000000,111770000,140590,4878757,1742892265,0x82c0558dc7ee7d78b9b0076ca78bc5bf1a1f2d6580068063c9baa7feffbfa7f5,NewSale
0xf9bA42a9296Fa8896d4bAd05A686e8f97c659734,69473,0xbc2d6E7c81E7f35473b3594031FCC4c519fD24Ad,0,0x0a6c125ec001a07bbfd2390191cbb459cef40bc4,1,300000000000000,219570000,140590,4878759,1742892269,0xa9b97f9f0c4fc4a0a72d714f12d34c3b1df4ca219215899d4a94227ffb04b046,NewSale
0x4FedD69D57Cd378A0906Bd185b7678478868E719,69434,0x02e21A25F0038fa5BDEe9c0b77aC0c1E84d3d6f0,1618,0x931b4c2b805099ad64599e72a32380167f990397,1,390000000000000,112400000,138158,4878770,1742892291,0xdcdbf0a9f10bd48ecafd175e69edeb5df18f51e8c10889a516cf5242bb63b970,NewSale
0x529F71B8285ECbabF59359e9284E98AD05e683E7,69481,0xbc2d6E7c81E7f35473b3594031FCC4c519fD24Ad,1,0x64f7c019021ac74a68d90d08491ca43b2a632e71,1,15200000000000000000,112667048,161354,4878771,1742892293,0x39eb855e25020157cfda45c6a5cba644f0df1cb6f9d08888d3872920de3cfde2,NewSale
0xC0DEc165A5d6e6766Fbc35c977f89535899D0411,69463,0xbc2d6E7c81E7f35473b3594031FCC4c519fD24Ad,0,0x95968f2d5a8fc86aec6a2c93f7d28939aa408b7b,1,298000000000000,112400000,142201,4878774,1742892299,0x2a58ba72c28df4c543d2278315f2ce93e834048d250fbd2f1af524afb9dfb8fc,NewSale
0x2065b7a05102C48A44CB985a1E1f466ac9cEE08C,69142,0xbc2d6E7c81E7f35473b3594031FCC4c519fD24Ad,0,0xf15d3df2c37ecb70905059e6c2120932f6ebffb3,1,300000000000000,112480000,140590,4878782,1742892315,0xac60b08a0c0d4aa8f799cda65219210dfd46967d507104c26dab60792d2a4b26,NewSale
0x4B42391Baa84D0D412c2c89ba78d05304a7D679b,68006,0xDfC21bE7cC791a5f03A95E836D385bBC6d7dF384,1253,0x0a6c125ec001a07bbfd2390191cbb459cef40bc4,1,400000000000000,220830000,138146,4878783,1742892317,0x28eb95b9928f4fc43d523e51e9d254a466859c94dee63ddea0253375df43a91e,NewSale
0xC0DEc165A5d6e6766Fbc35c977f89535899D0411,69451,0xbc2d6E7c81E7f35473b3594031FCC4c519fD24Ad,0,0xc0b9eb93b4b409e47ba66b69a0dda7fd4cf3c9fb,1,299999900000000,113090000,142201,4878785,1742892321,0xd32f97e4d014097ce6f746bf7208357643714c83f9c8f70cb0e01d5e5231ba99,NewSale
0x1307ab404e65818318F9590fFD63ea8Ff1720c8a,69409,0x02e21A25F0038fa5BDEe9c0b77aC0c1E84d3d6f0,1634,0x931b4c2b805099ad64599e72a32380167f990397,1,390000000000000,113100000,138158,4878787,1742892325,0x57998a7b2d5f574876d0bf66e087a9f136f4195d2b5d8c990f1f29e323e8d44c,NewSale
0x529F71B8285ECbabF59359e9284E98AD05e683E7,69481,0xbc2d6E7c81E7f35473b3594031FCC4c519fD24Ad,1,0x64f7c019021ac74a68d90d08491ca43b2a632e71,1,15200000000000000000,222217350,161354,4878791,1742892333,0x457e8f80e24fa83c1fddd531be977e93c4eefe02f7f226c368c6c0294486b6a3,NewSale
0x529F71B8285ECbabF59359e9284E98AD05e683E7,69481,0xbc2d6E7c81E7f35473b3594031FCC4c519fD24Ad,1,0x64f7c019021ac74a68d90d08491ca43b2a632e71,1,15200000000000000000,222236746,161354,4878810,1742892371,0x452a6e48b20d513fe9f8b39ebafa653dc7df19187be11b81a8f5996c7296e47e,NewSale
0x2065b7a05102C48A44CB985a1E1f466ac9cEE08C,69146,0xbc2d6E7c81E7f35473b3594031FCC4c519fD24Ad,0,0xf15d3df2c37ecb70905059e6c2120932f6ebffb3,1,300000000000000,114310000,140590,4878813,1742892377,0x1dc435278759f76df4076b7f7e8d8fd8e20ffbd02c8dd13f59787b729cbc19f7,NewSale
0x80fe121B69163E17bd4e9CC573652e29E48fa4ae,69468,0xbc2d6E7c81E7f35473b3594031FCC4c519fD24Ad,0,0xc0b9eb93b4b409e47ba66b69a0dda7fd4cf3c9fb,1,299000000000000,114240000,142201,4878819,1742892389,0xb5a82ebdd8eba12d1cafea114dbc160020d025d4b67986fbcfd4db77a9e47f80,NewSale
0x529F71B8285ECbabF59359e9284E98AD05e683E7,69481,0xbc2d6E7c81E7f35473b3594031FCC4c519fD24Ad,1,0x64f7c019021ac74a68d90d08491ca43b2a632e71,1,15200000000000000000,113822277,161354,4878829,1742892409,0x0c4e5c7f6a818fb4ad3df924c5912ca1e9fabe1fc53aa65c6fe40a49550ffca6,NewSale
0xeAf37cDc3d32c30F3Dcb35C43c81740cF3BFBAD9,69327,0x897d1cBBeDC44c8371672e8cA72555b5194D6D86,0,0x0a6c125ec001a07bbfd2390191cbb459cef40bc4,1,1000000000000000,136850000,145399,4878834,1742892419,0x86d516fef3c6fbd69c6836e73c920db142c3297fada07ddbd8f8f9ad5ec5e4b6,NewSale
0xf3fc7730BF75975A916428d69DD20FBe35A20fc9,68570,0x02e21A25F0038fa5BDEe9c0b77aC0c1E84d3d6f0,1439,0x931b4c2b805099ad64599e72a32380167f990397,1,555000000000000,114230000,133358,4878837,1742892425,0x2557a80ca62c1532a1ce330181426b320cd05f2c3ae84c624d0caa0ae6bd457d,NewSale
0x2065b7a05102C48A44CB985a1E1f466ac9cEE08C,69153,0xbc2d6E7c81E7f35473b3594031FCC4c519fD24Ad,0,0xf15d3df2c37ecb70905059e6c2120932f6ebffb3,1,300000000000000,113830000,140590,4878844,1742892439,0xa0b92c6478a562d75e41c88a56dd055707478f86cf8d0118eee83fc505f96eba,NewSale
0x529F71B8285ECbabF59359e9284E98AD05e683E7,69481,0xbc2d6E7c81E7f35473b3594031FCC4c519fD24Ad,1,0x64f7c019021ac74a68d90d08491ca43b2a632e71,1,15200000000000000000,114021070,161354,4878849,1742892449,0x9a71608caaa9db500d8528b1644dd9118edc2f4bd6fa0a2644a118a46a229787,NewSale
0x529F71B8285ECbabF59359e9284E98AD05e683E7,69481,0xbc2d6E7c81E7f35473b3594031FCC4c519fD24Ad,1,0x64f7c019021ac74a68d90d08491ca43b2a632e71,1,15200000000000000000,114692430,161354,4878868,1742892487,0x232544f255fb9989f0f811be467ac650518e6947cda0fc584886f2fd76ad6631,NewSale
0x30D8DD5Cf71F8c0550F62d17d14b6e367Fe6a564,69472,0xdc0F91C5a4D200FfC21658901c77c0fE1A14d199,0,0x1f23afa0e204ec58d6cb49f2832af9e586a16f29,1,650000000000000,118658182,150183,4878872,1742892495,0xca20d3744667ba6c4a601daa7cb24afdd3abe593cc572370229950a063e1e13e,NewSale
0xC0DEc165A5d6e6766Fbc35c977f89535899D0411,69451,0xbc2d6E7c81E7f35473b3594031FCC4c519fD24Ad,0,0xc0b9eb93b4b409e47ba66b69a0dda7fd4cf3c9fb,1,299999900000000,114700000,142201,4878879,1742892509,0xaa97d1892fb0df8933cb4dda9635f02e6696fdfa9fa096591468e574a764288c,NewSale
0x529F71B8285ECbabF59359e9284E98AD05e683E7,69481,0xbc2d6E7c81E7f35473b3594031FCC4c519fD24Ad,1,0x64f7c019021ac74a68d90d08491ca43b2a632e71,1,15200000000000000000,115320975,161354,4878887,1742892525,0x92c721647cddf94f80d9f2384bf5a20090020e6c06409f50bc06d1118157da45,NewSale
0x529F71B8285ECbabF59359e9284E98AD05e683E7,69481,0xbc2d6E7c81E7f35473b3594031FCC4c519fD24Ad,1,0x64f7c019021ac74a68d90d08491ca43b2a632e71,1,15200000000000000000,119320027,161354,4878906,1742892563,0x77b8cc0fe72cc7b0847b84d2e6f013fb55d3cdd4b3f421268bd195d2b0da5896,NewSale
0xD749c66fec1b134184B1F7D5cea0c6e45c46E61b,69449,0xdc0F91C5a4D200FfC21658901c77c0fE1A14d199,0,0x77786ee7bb87a50c5803354777e45fb65f6d7779,1,630000000000000,119371136,168894,4878908,1742892567,0x96c4c59831a1be9e11c97dbfa5dcc4f17af81668d3ee08fd90d5696653ef4976,NewSale
0xf9bA42a9296Fa8896d4bAd05A686e8f97c659734,69478,0xbc2d6E7c81E7f35473b3594031FCC4c519fD24Ad,0,0x33c9b035868e5d95eacaae112546a4f0711ca916,1,300000000000000,121702873,157690,4878916,1742892583,0x742c50d53b3d2765a00804bee808fd785ec24ca3af0cf5c61fa9a0c0082c419a,NewSale
0xEEf1a64451999e5fD4a54891a7Dbd98F1dA4c7A2,69486,0xbc2d6E7c81E7f35473b3594031FCC4c519fD24Ad,1,0xc0b9eb93b4b409e47ba66b69a0dda7fd4cf3c9fb,1,290000000000000,115330000,152890,4878923,1742892597,0xe0bcb506430108ed8e6a8c940fe9b98e9bc0725ffd03dc67244e45c1472c64de,NewSale
0x529F71B8285ECbabF59359e9284E98AD05e683E7,69481,0xbc2d6E7c81E7f35473b3594031FCC4c519fD24Ad,1,0x64f7c019021ac74a68d90d08491ca43b2a632e71,1,15200000000000000000,122038119,161354,4878926,1742892603,0x7aabb2c41885fa263eb46457de5450a54e8d5fb041c69b170fa81f182506e9d5,NewSale
0x529F71B8285ECbabF59359e9284E98AD05e683E7,69481,0xbc2d6E7c81E7f35473b3594031FCC4c519fD24Ad,1,0x64f7c019021ac74a68d90d08491ca43b2a632e71,1,15200000000000000000,116109677,161354,4878946,1742892643,0x27a56413982a3ee421edd0082f53fda6b73dcf2a3a149de67e90418c122c1d73,NewSale
0xf9bA42a9296Fa8896d4bAd05A686e8f97c659734,69471,0xbc2d6E7c81E7f35473b3594031FCC4c519fD24Ad,0,0xef3b39559ff4ff473c5a46407ff87b096a9a80e8,1,300000000000000,116538868,140590,4878951,1742892653,0xc8e257897f0c45f05913eb31df5c4fd46147e0811ae25a2dcc9219ca1ca67d99,NewSale
0x931b4c2B805099ad64599e72A32380167f990397,69492,0x02e21A25F0038fa5BDEe9c0b77aC0c1E84d3d6f0,1502,0x77f0e4953fde3acb0e699e7583a4fefdbb85bd27,1,400000000000000,116030000,155246,4878956,1742892663,0xe99d31a910fd62b248acb5a29591152af9f8bb46d0edb7aefb25e22de3d67d64,NewSale
0xE994Ebf6A6E58d9505Eb7490A9d9191b15E7f401,69487,0xbc2d6E7c81E7f35473b3594031FCC4c519fD24Ad,1,0xc0b9eb93b4b409e47ba66b69a0dda7fd4cf3c9fb,1,240000000000000,116020000,135766,4878960,1742892671,0x76f2c55d8b72029e5246c3a9c4e004d3d9626782b9a27d13b45dc104761c0618,NewSale
0x529F71B8285ECbabF59359e9284E98AD05e683E7,69481,0xbc2d6E7c81E7f35473b3594031FCC4c519fD24Ad,1,0x64f7c019021ac74a68d90d08491ca43b2a632e71,1,15200000000000000000,116774611,161354,4878965,1742892681,0x9c7670a1c6178711ecef2bfae68194f9afab13b016f8aefb249dde30e8561f07,NewSale
0x230bFf75310590b1Ac4B5Fd4fb34A7cee8282Ea9,60370,0x6aD26D68bFf8cAD6bAaeA257832854e58B08150E,9,0x1f23afa0e204ec58d6cb49f2832af9e586a16f29,1,600000000000000,123471106,164771,4878968,1742892687,0x64b6eccb4b33fdd822786c94207d4cf3f724af2da0198586aef8602b7245d521,NewSale
0x30D8DD5Cf71F8c0550F62d17d14b6e367Fe6a564,69444,0xdc0F91C5a4D200FfC21658901c77c0fE1A14d199,0,0xf15d3df2c37ecb70905059e6c2120932f6ebffb3,1,700000000000000,116790000,150183,4878972,1742892695,0x6d46cfa481aed46055502b6aaec8588d5e11b45c6181a21f792b7197233a963d,NewSale
0x529F71B8285ECbabF59359e9284E98AD05e683E7,69481,0xbc2d6E7c81E7f35473b3594031FCC4c519fD24Ad,1,0x64f7c019021ac74a68d90d08491ca43b2a632e71,1,15200000000000000000,123985226,161354,4878984,1742892719,0xf1b76b4a3d052ccb3842ffc985c1bcace6d7abd53df47b8a400a5d12bad2536d,NewSale
0xbAa9672503be4067CCc6eBB08BEe52af3e0b3b4C,68161,0x2Bf46D4497e98FbA2304B0d2453922FFf559Ea02,78,0x1f23afa0e204ec58d6cb49f2832af9e586a16f29,1,555000000000000,125143319,164783,4879004,1742892759,0x2a6edbf137236ac8950b06250e9b0c3cc87491b30d227d26c263a6d90f01459d,NewSale
0x0b593fc0E7B1dDAC3B4fd6D75624C6a3Bca53e0C,69489,0xbc2d6E7c81E7f35473b3594031FCC4c519fD24Ad,1,0x392d239ca864ea36f086196dd09d930ee3fc03ee,1,290000000000000,117150000,152890,4879007,1742892765,0xb2ccd5baf147a54c5601359ac81a26a8f4f4b96383043a657b6a736ed934ec89,NewSale
0xD749c66fec1b134184B1F7D5cea0c6e45c46E61b,69449,0xdc0F91C5a4D200FfC21658901c77c0fE1A14d199,0,0x1a8d8baed2161e145686d20e579775c8ca032216,1,630000000000000,118660000,151794,4879016,1742892783,0x32eb796110aa03d31bc342695b4443cd3a7a94d6aa954c0df904965c6fa02ddf,NewSale
0x529F71B8285ECbabF59359e9284E98AD05e683E7,69481,0xbc2d6E7c81E7f35473b3594031FCC4c519fD24Ad,1,0x64f7c019021ac74a68d90d08491ca43b2a632e71,1,15200000000000000000,118653969,154943,4879016,1742892783,0xa1a75e00f2ae1c5eec3aeb0352dbb06dbddf9dd5eb6d6b1cd16adde09b104514,NewSale
0xC0DEc165A5d6e6766Fbc35c977f89535899D0411,69463,0xbc2d6E7c81E7f35473b3594031FCC4c519fD24Ad,0,0xbb6e83f74936d8637753e78e9c06b3bfcbb2ca8c,1,298000000000000,118870000,159301,4879020,1742892791,0xd42ab9a69dad234ce8641e1870066bf5b79f2d2cc4e4e670afffa18a8ecb6e62,NewSale
0x931b4c2B805099ad64599e72A32380167f990397,69500,0x02e21A25F0038fa5BDEe9c0b77aC0c1E84d3d6f0,1647,0x77f0e4953fde3acb0e699e7583a4fefdbb85bd27,1,400000000000000,118870000,138146,4879021,1742892793,0x3cc26928811f4efcea2fc9a164c9d1d52af30599926d5b28e2dda86ebe5db9dd,NewSale
0xbAa9672503be4067CCc6eBB08BEe52af3e0b3b4C,69493,0x2Bf46D4497e98FbA2304B0d2453922FFf559Ea02,37,0x4606d34bfba1a800424c7c6ff81d464195c9447d,1,850000000000000,118860000,164771,4879025,1742892801,0xa227b5ab50ffdbd45afdbc7e78369e1ae4b7954da50647cbf2918dafdc5d2ea2,NewSale
0x41f07238C5096Eb7eb68c50FE8AE5AdDECBBF5C2,67872,0xbFCACb23F0B41EeEDFf7d04f52CE8f5125150806,10,0x1f23afa0e204ec58d6cb49f2832af9e586a16f29,1,500000000000000,126040406,164783,4879030,1742892811,0xdfe595e852f6bf7f357118eb9ac89a1dcf7e4a8d92d37d07e5d6ad0d808bd1c5,NewSale
0xc16608636Ca2c0D732aA573279B497c87e27ac77,69483,0xbc2d6E7c81E7f35473b3594031FCC4c519fD24Ad,0,0x33c9b035868e5d95eacaae112546a4f0711ca916,1,340000000000000,127260599,140590,4879039,1742892829,0x602830e162a9b1371d58d4e3af1ab3cd18264c40666ece39c9614f2bf6850674,NewSale
0xE7389a2D3efdAA1ef330a4476f423c40Af362e39,69488,0x6EF07dE7778f607b8658e743bd42Ad4Db277d54C,31,0x2b44f2bbf9b63d524f86693a0b0ac58c2f82b170,1,33000000000000000000,120050000,180539,4879043,1742892837,0x05c47331bba2429cf9aed3dd26355ec9839a3edd742aef8c0bc833c29c4ec46c,NewSale
0xbAa9672503be4067CCc6eBB08BEe52af3e0b3b4C,68840,0x2Bf46D4497e98FbA2304B0d2453922FFf559Ea02,57,0x0a6c125ec001a07bbfd2390191cbb459cef40bc4,1,589990000000000,126900000,164783,4879050,1742892851,0xd598cbf2f4fe3f2d6bb312b0bd74a6534d5b2e09a758da8a9906c309a5db8d9f,NewSale
0x4B42391Baa84D0D412c2c89ba78d05304a7D679b,68009,0xDfC21bE7cC791a5f03A95E836D385bBC6d7dF384,1252,0x1f23afa0e204ec58d6cb49f2832af9e586a16f29,1,400000000000000,128558775,150446,4879060,1742892871,0xb33c400b005fc8f72ca5f7079b0f71cc5c8bca0418dc7586175885095f1b1af8,NewSale
0x80fe121B69163E17bd4e9CC573652e29E48fa4ae,69468,0xbc2d6E7c81E7f35473b3594031FCC4c519fD24Ad,0,0xb5e288abdcc351571c0110d52265155a711a90b4,1,299000000000000,123809396,589226,4879103,1742892957,0x1fa8fe0abeb7987b1a950839073d2dcca9863eec7baf9d9df735103bdd424a61,NewSale
0xb9aB94E034a0BF920Bf1B6618312F9fb50D628CA,69506,0xbc2d6E7c81E7f35473b3594031FCC4c519fD24Ad,1,0xbd3bd63e46192ff935dcedf420d026e107127659,1,290000000000000,124345062,135790,4879107,1742892965,0x8b3ae61ee2572b2c884f370262ac30795d0a0edc1d7fd78f82befcfab1f54dc8,NewSale
0xbAa9672503be4067CCc6eBB08BEe52af3e0b3b4C,69496,0x2Bf46D4497e98FbA2304B0d2453922FFf559Ea02,38,0x4606d34bfba1a800424c7c6ff81d464195c9447d,1,850000000000000,123640000,164771,4879136,1742893023,0x0e955e08c1e787cb87e8bc6d5ebce6632b87b2aeadff1dca93a9787951d349f0,NewSale
0x1ac47a59b18d89Dc7a0905A0E576B860cc93EBBB,68999,0x02e21A25F0038fa5BDEe9c0b77aC0c1E84d3d6f0,1682,0x1f23afa0e204ec58d6cb49f2832af9e586a16f29,1,400000000000000,130213521,138146,4879138,1742893027,0xba0cda76c2b6e0ac79faeaec32fb87d36938e1c1f1b914b3fefc9a03e24acd20,NewSale
0x6067ed911E87b4DEE384f5AB956805620E3536D9,69502,0xbc2d6E7c81E7f35473b3594031FCC4c519fD24Ad,0,0xe7c60e30c135f132c18bef795c044e93922a6dea,1,300000000000000,129060735,140590,4879155,1742893061,0x70af750c1b0f327c8c76843029e8b14ad49d502e96137e85476f69103e91afca,NewSale
0x931b4c2B805099ad64599e72A32380167f990397,69503,0x02e21A25F0038fa5BDEe9c0b77aC0c1E84d3d6f0,1618,0x77f0e4953fde3acb0e699e7583a4fefdbb85bd27,1,400000000000000,120710000,138146,4879172,1742893095,0x09f0cfa5423b9942fe68de6a43b09ad19535843d32057856786f15bb334a2e4a,NewSale
0xeAD00bcA851eCEb1F634C8aa06Dc73B19C3861aE,69513,0xbc2d6E7c81E7f35473b3594031FCC4c519fD24Ad,1,0x64f7c019021ac74a68d90d08491ca43b2a632e71,1,150000000000000,121935977,172031,4879175,1742893101,0x275e34953b9f6b9e47f66762ad851439d96690c36a60e3e9316de915a647ccd3,NewSale
0xC0DEc165A5d6e6766Fbc35c977f89535899D0411,69463,0xbc2d6E7c81E7f35473b3594031FCC4c519fD24Ad,0,0xc294948d22940e2304a91df02e3b046fb127e205,1,298000000000000,127874817,142201,4879183,1742893117,0x76de38acd2c8ba69ac2361de604a8f4041b0c6ba435e1e7a8c6aa85121543cd7,NewSale
0x0F68924a16363F667E554C0F5bC96d43be65b987,69512,0xEB255E4669Da7FeEf1F746a5a778b4e08b65a1A7,0,0x928e8b34e4585f259cd645c5b7e45cec5addb845,1,700000000000000,121335340,145383,4879187,1742893125,0xb14fd6eb2001f3dc5a8c449d8d1d86fcfed45ed8e58c747315ec77467b0ab346,NewSale
0x8d1cD33AFF43fe50906caFe03805096a929c210d,69495,0xbc2d6E7c81E7f35473b3594031FCC4c519fD24Ad,1,0xef4d705da7ad3395333a92c1473523221dc67e32,1,290000000000000,121810000,152890,4879202,1742893155,0x6b456308bbe85456d2d4357922c7d4b056f95f466d514c67695efbb2fc25edc8,NewSale
0xE994Ebf6A6E58d9505Eb7490A9d9191b15E7f401,69514,0x02e21A25F0038fa5BDEe9c0b77aC0c1E84d3d6f0,1602,0x01a24cb8d73080acdc8205ddde127adfb41bf18f,1,246000000000000,121800000,155246,4879205,1742893161,0x4b9c2b63b31b52b05f279246e63c3540128fe780cc66f59c9a6c9602612d01c9,NewSale
0x1c8915F70850873a03Df2D6cdBA71B226BcDFEb3,69509,0xdc0F91C5a4D200FfC21658901c77c0fE1A14d199,0,0x928e8b34e4585f259cd645c5b7e45cec5addb845,1,590000000000000,120878574,150183,4879215,1742893181,0xed938a474279a691d02cafd0097c187aa2be8314b2a108b0ff659e3bdb05c7dc,NewSale
0xC0DEc165A5d6e6766Fbc35c977f89535899D0411,69463,0xbc2d6E7c81E7f35473b3594031FCC4c519fD24Ad,0,0xbd3bd63e46192ff935dcedf420d026e107127659,1,298000000000000,126885322,142201,4879221,1742893193,0xe555d9f90be5efecb18ae2c485c3d5fe816c09a9ae13015314edfd59f2317f2a,NewSale
0x2065b7a05102C48A44CB985a1E1f466ac9cEE08C,69107,0xbc2d6E7c81E7f35473b3594031FCC4c519fD24Ad,0,0x6462b6edb2dd3164717aabc1172f335d6353da21,1,300000000000000,122766805,140590,4879244,1742893239,0x89ce2dd7ea570910f7583bd0d18bffa510fb49287cd69bd0f000418aec392652,NewSale
0xC0DEc165A5d6e6766Fbc35c977f89535899D0411,69451,0xbc2d6E7c81E7f35473b3594031FCC4c519fD24Ad,0,0xbd3bd63e46192ff935dcedf420d026e107127659,1,299999900000000,124322987,142201,4879265,1742893281,0xfe22cb44c5e392f84486fe8702fb110db0e0156f6587b4eaab78778e5969a2b7,NewSale
0xC0DEc165A5d6e6766Fbc35c977f89535899D0411,69463,0xbc2d6E7c81E7f35473b3594031FCC4c519fD24Ad,0,0x8c4290224e9dce6d95fa76095f8ccfd55eb939da,1,298000000000000,124486340,142201,4879276,1742893303,0x54b079744d22aaa8778b88606a43468085169b80a8ba8f9385edaad4f10dc4e5,NewSale
0xbAa9672503be4067CCc6eBB08BEe52af3e0b3b4C,69490,0x2Bf46D4497e98FbA2304B0d2453922FFf559Ea02,36,0xd50dea90f9bd4b0816dfa5f8b43850d78bf8cd39,1,850000000000000,124486340,164783,4879276,1742893303,0x182b872b25318fb86c37ef12599d553d26ecf822ea93f23f1481778266a97831,NewSale
0xC0DEc165A5d6e6766Fbc35c977f89535899D0411,69463,0xbc2d6E7c81E7f35473b3594031FCC4c519fD24Ad,0,0x8c776723b5f28e76edea5f99f686af469368b5aa,1,298000000000000,124486340,142201,4879276,1742893303,0xff2aed81dc173c524e0a917dd62ec1f7dfc342dcce9a2bff78ae5cb8ffb24642,NewSale
0xE994Ebf6A6E58d9505Eb7490A9d9191b15E7f401,69516,0xbc2d6E7c81E7f35473b3594031FCC4c519fD24Ad,0,0xe7c60e30c135f132c18bef795c044e93922a6dea,1,279000000000000,124486340,140578,4879276,1742893303,0xca5e545ea525e4336d6cdc7a0e8f4ca51a04120689730f553a49df72f878b75c,NewSale
0x931b4c2B805099ad64599e72A32380167f990397,69521,0x02e21A25F0038fa5BDEe9c0b77aC0c1E84d3d6f0,1634,0x77f0e4953fde3acb0e699e7583a4fefdbb85bd27,1,400000000000000,124470000,138146,4879280,1742893311,0xf47cf45172858798771abe7c51b58e1cb4f21168200afc72ccc494f2625a2655,NewSale
0xC0DEc165A5d6e6766Fbc35c977f89535899D0411,69463,0xbc2d6E7c81E7f35473b3594031FCC4c519fD24Ad,0,0xef4d705da7ad3395333a92c1473523221dc67e32,1,298000000000000,124470000,142201,4879280,1742893311,0x75c411ffefff764de36a455917c04be8ad03445ba98a4066327428e0d4d158eb,NewSale
0xC0DEc165A5d6e6766Fbc35c977f89535899D0411,69463,0xbc2d6E7c81E7f35473b3594031FCC4c519fD24Ad,0,0xef4d705da7ad3395333a92c1473523221dc67e32,1,298000000000000,124430000,142201,4879292,1742893335,0x2e61abcf5ab199a2c60824cd4c27832aa2be952a72edf74636664a5390251dbf,NewSale
0xC0DEc165A5d6e6766Fbc35c977f89535899D0411,69451,0xbc2d6E7c81E7f35473b3594031FCC4c519fD24Ad,0,0xbd3bd63e46192ff935dcedf420d026e107127659,1,299999900000000,123884022,142201,4879292,1742893335,0xf61871f6b8d3f65bcc3dabe7519301111ec9233c15258cc54cdc79dc13ee1701,NewSale
0xbAa9672503be4067CCc6eBB08BEe52af3e0b3b4C,69510,0x2Bf46D4497e98FbA2304B0d2453922FFf559Ea02,41,0x928e8b34e4585f259cd645c5b7e45cec5addb845,1,850000000000000,123771462,164783,4879294,1742893339,0xc5b686d16b418d9adb98173f755d9c0d68f3da528526293d9c0f2cc34397a959,NewSale
0x80fe121B69163E17bd4e9CC573652e29E48fa4ae,69468,0xbc2d6E7c81E7f35473b3594031FCC4c519fD24Ad,0,0x8c776723b5f28e76edea5f99f686af469368b5aa,1,299000000000000,123888666,142201,4879295,1742893341,0xc6e427a4f81768400362513ae20d234da786e05053c1076a7f5f852f4a38eb68,NewSale
0x80fe121B69163E17bd4e9CC573652e29E48fa4ae,69468,0xbc2d6E7c81E7f35473b3594031FCC4c519fD24Ad,0,0x8c4290224e9dce6d95fa76095f8ccfd55eb939da,1,299000000000000,124676450,142201,4879300,1742893351,0x96710adaa8bf04bc2940f7cead188e9d5db67d8aabcff91951b44f040df4d7b2,NewSale
0xE994Ebf6A6E58d9505Eb7490A9d9191b15E7f401,69523,0xbc2d6E7c81E7f35473b3594031FCC4c519fD24Ad,0,0xef4d705da7ad3395333a92c1473523221dc67e32,1,297000000000000,124590000,140590,4879308,1742893367,0x1ad7d4552a841e7ea950cf8c4bda992128e35820ea7ff2429e012aea74549fb0,NewSale
0x931b4c2B805099ad64599e72A32380167f990397,69522,0x02e21A25F0038fa5BDEe9c0b77aC0c1E84d3d6f0,1439,0x77f0e4953fde3acb0e699e7583a4fefdbb85bd27,1,400000000000000,124310000,133346,4879320,1742893391,0x757db31f8d03da850209ed749dcd79c18bbfd546ed92044564abb2b209c63500,NewSale
0xC0DEc165A5d6e6766Fbc35c977f89535899D0411,69463,0xbc2d6E7c81E7f35473b3594031FCC4c519fD24Ad,0,0x8c776723b5f28e76edea5f99f686af469368b5aa,1,298000000000000,123091095,142201,4879322,1742893395,0x47692f27462583f203f20588de1a927c788e8b79a13a28392bdfaab3b03e422f,NewSale
0x80fe121B69163E17bd4e9CC573652e29E48fa4ae,69468,0xbc2d6E7c81E7f35473b3594031FCC4c519fD24Ad,0,0x8c776723b5f28e76edea5f99f686af469368b5aa,1,299000000000000,121884967,142201,4879338,1742893427,0x05f549f900bc03ca7a7128d9328e24f432f993622c60a8aeda9c1b895f7715ff,NewSale
0xd9fb195d996B68d7F8A4314B114324949589DfF8,69085,0xdc0F91C5a4D200FfC21658901c77c0fE1A14d199,0,0x931b4c2b805099ad64599e72a32380167f990397,1,1200000000000000,123110000,168882,4879343,1742893437,0x6e4a0b0fb9ce2864ba277fdd1ad0a2f271f3483b29c95726329071cda0758ff1,NewSale
0xC0DEc165A5d6e6766Fbc35c977f89535899D0411,69463,0xbc2d6E7c81E7f35473b3594031FCC4c519fD24Ad,0,0x8c4290224e9dce6d95fa76095f8ccfd55eb939da,1,298000000000000,121464651,142201,4879347,1742893445,0xff29332860cc1d660cc7e4b5d09537c8f725ebe9f24ad4aaba0f9646c7881721,NewSale
0xE7389a2D3efdAA1ef330a4476f423c40Af362e39,68283,0x6EF07dE7778f607b8658e743bd42Ad4Db277d54C,32,0x2b44f2bbf9b63d524f86693a0b0ac58c2f82b170,1,55000000000000000000,123110000,180539,4879348,1742893447,0x1ad048aea450bc7aa69600742ae9f70fecb097a0dae973762448802648f6901c,NewSale
0xC0DEc165A5d6e6766Fbc35c977f89535899D0411,69463,0xbc2d6E7c81E7f35473b3594031FCC4c519fD24Ad,0,0xef4d705da7ad3395333a92c1473523221dc67e32,1,298000000000000,122630000,142201,4879352,1742893455,0x9606fd86dc6664b79b387df82448893ebb9b0bfeab4b3d69a21b2d7b8645d484,NewSale
0xE994Ebf6A6E58d9505Eb7490A9d9191b15E7f401,69526,0xbc2d6E7c81E7f35473b3594031FCC4c519fD24Ad,0,0x8c776723b5f28e76edea5f99f686af469368b5aa,1,297000000000000,121969856,135790,4879358,1742893467,0x8e678237e135b154c1862f26a605d0bebf13fe2b87e0567e6e46de0583651dcb,NewSale
0xbAa9672503be4067CCc6eBB08BEe52af3e0b3b4C,69504,0x2Bf46D4497e98FbA2304B0d2453922FFf559Ea02,39,0x928e8b34e4585f259cd645c5b7e45cec5addb845,1,850000000000000,121469879,164783,4879361,1742893473,0x320b2133e2ebce3e8ba2b90d9b85dfa38429d8a9699701230b359d6b8700343b,NewSale
0xC0DEc165A5d6e6766Fbc35c977f89535899D0411,69463,0xbc2d6E7c81E7f35473b3594031FCC4c519fD24Ad,0,0x8c4290224e9dce6d95fa76095f8ccfd55eb939da,1,298000000000000,121302582,142201,4879388,1742893527,0x6cd740df6cbd82df7c48e2e0973990ff8967ceb9df0221e8e5ff89fc7bceb8fe,NewSale
0xe7c60e30c135f132C18BeF795C044E93922a6DeA,69505,0xbc2d6E7c81E7f35473b3594031FCC4c519fD24Ad,0,0x83816ca9aa1ce39ecef13a0226261bb26527bff2,1,300000000000000,241249546,140590,4879389,1742893529,0x2e42cc1545922905766e807d7df61da3096e4245477d158d529ec9fcb683605a,NewSale
0xC0DEc165A5d6e6766Fbc35c977f89535899D0411,69463,0xbc2d6E7c81E7f35473b3594031FCC4c519fD24Ad,0,0x71db520d035d9b7bde8b85830a6f25703485a94f,1,298000000000000,121550000,142201,4879389,1742893529,0x66bf3b7545885a47596079e83dd69276d365ff50f8c61bf15a891975a37c4bf1,NewSale
0xC0DEc165A5d6e6766Fbc35c977f89535899D0411,69463,0xbc2d6E7c81E7f35473b3594031FCC4c519fD24Ad,0,0x71db520d035d9b7bde8b85830a6f25703485a94f,1,298000000000000,121310000,142201,4879400,1742893551,0x91fdb197e0afa9246b5c86e28a80dbd7256e328d4cf3f300cabae396949aa5fd,NewSale
0xC0DEc165A5d6e6766Fbc35c977f89535899D0411,69463,0xbc2d6E7c81E7f35473b3594031FCC4c519fD24Ad,0,0x8c4290224e9dce6d95fa76095f8ccfd55eb939da,1,298000000000000,121048672,142201,4879411,1742893573,0xf7014d2dc36ec5a2abcd15015bb4d66ac417c3996cd70da9e08f84c9bc4b6ad3,NewSale
0xC0DEc165A5d6e6766Fbc35c977f89535899D0411,69463,0xbc2d6E7c81E7f35473b3594031FCC4c519fD24Ad,0,0xef4d705da7ad3395333a92c1473523221dc67e32,1,298000000000000,120600000,142201,4879428,1742893607,0xa05f02bb470107458a1660fbdae9091d8a358b60f58cf7681375cea9376add8a,NewSale
0xD512d3896BE86635d86671f4c6Df494A2Fb97d8C,69531,0xbc2d6E7c81E7f35473b3594031FCC4c519fD24Ad,1,0x392d239ca864ea36f086196dd09d930ee3fc03ee,1,290000000000000,120600000,140590,4879429,1742893609,0x1b372ee61bf2d843216cce0fc51e2be340eada15e68d7826a2d730fa8965924d,NewSale
0xC0DEc165A5d6e6766Fbc35c977f89535899D0411,69463,0xbc2d6E7c81E7f35473b3594031FCC4c519fD24Ad,0,0x71db520d035d9b7bde8b85830a6f25703485a94f,1,298000000000000,121140000,142201,4879445,1742893641,0x55e0b9ab995d5060382de7232da0fcc180e31a311f464cc506ed261687d86468,NewSale
0x2065b7a05102C48A44CB985a1E1f466ac9cEE08C,69138,0xbc2d6E7c81E7f35473b3594031FCC4c519fD24Ad,0,0x37a859258488385675c553355c6b13b773f16a79,1,300000000000000,121949258,140590,4879451,1742893653,0x0499e80eb7d3e8f38c6e528821e09e1d22b325e20932945c71e2691dc4a967f7,NewSale
0xe7c60e30c135f132C18BeF795C044E93922a6DeA,69517,0xbc2d6E7c81E7f35473b3594031FCC4c519fD24Ad,0,0x5c0896b8fd3723ceb02e29e607e7b6413b42c678,1,300000000000000,241049788,157690,4879454,1742893659,0x25d277dc640271107cfd2b784894f9833e349d3e3dbe2b5d552a9dcbfb75cad5,NewSale
0xC0DEc165A5d6e6766Fbc35c977f89535899D0411,69463,0xbc2d6E7c81E7f35473b3594031FCC4c519fD24Ad,0,0xef4d705da7ad3395333a92c1473523221dc67e32,1,298000000000000,121860000,140590,4879459,1742893669,0xb4f9e7419137f143fcc1913a7b31eb1985d03935685a6ef7851b63c56c7ccf85,NewSale
0x6067ed911E87b4DEE384f5AB956805620E3536D9,69498,0xbc2d6E7c81E7f35473b3594031FCC4c519fD24Ad,0,0xa6d17e2c790999aa1243a89d298bff760a94b500,1,321000000000000,241506847,157678,4879460,1742893671,0x169b983abd7174b37a267d660a984fec70562252f07e71dbc32d33e5b7faa54c,NewSale
0xD512d3896BE86635d86671f4c6Df494A2Fb97d8C,69536,0xbc2d6E7c81E7f35473b3594031FCC4c519fD24Ad,0,0x392d239ca864ea36f086196dd09d930ee3fc03ee,1,290000000000000,122420000,140590,4879473,1742893697,0x94acb3308add9c6c93083de046639555f51f8c5227a6683421259aa75c687a97,NewSale
0xbd3bD63e46192Ff935dCedf420d026e107127659,69534,0xbc2d6E7c81E7f35473b3594031FCC4c519fD24Ad,0,0xef4d705da7ad3395333a92c1473523221dc67e32,1,298980000000000,122420000,140590,4879477,1742893705,0xfd27ef96ed74c3af245bf318fae5e395c558bba0f5fa71d694cf15e692a234b1,NewSale
0xBa13F9A1094e34d2AC1F593b80f63cFfB52E8f0B,65651,0xbFCACb23F0B41EeEDFf7d04f52CE8f5125150806,5,0x72e376572d75114509c025797b7b14f8a96f7b58,1,500000000000000,123407441,162471,4879487,1742893725,0x4ec7a75c5b475e5f86e09655022dc424b5002112d1c4c86fdaef14638c3b150e,NewSale
0x8D04eD8eb8768c4dd371D594Eb40eB5dc7435f4E,69540,0xbc2d6E7c81E7f35473b3594031FCC4c519fD24Ad,0,0x392d239ca864ea36f086196dd09d930ee3fc03ee,1,280000000000000,123420000,140578,4879490,1742893731,0x633ffa1c876d342aa712fb9c8f6e28e97a23920ea0eceda437ee5f7f29457823,NewSale
0xC0DEc165A5d6e6766Fbc35c977f89535899D0411,69451,0xbc2d6E7c81E7f35473b3594031FCC4c519fD24Ad,0,0xef4d705da7ad3395333a92c1473523221dc67e32,1,299999900000000,123420000,142201,4879490,1742893731,0xad2ebf9f24923dc4fef673988e8705c3d6a5e4a611516d1f7a12810bcfb083e7,NewSale
0xC0DEc165A5d6e6766Fbc35c977f89535899D0411,69451,0xbc2d6E7c81E7f35473b3594031FCC4c519fD24Ad,0,0x37a859258488385675c553355c6b13b773f16a79,1,299999900000000,124006544,142201,4879498,1742893747,0x3333ee74c5304b4fd347121910016725bce5b807d62d703f8aff32c41da1cc9d,NewSale
0xbd3bD63e46192Ff935dCedf420d026e107127659,69528,0xbc2d6E7c81E7f35473b3594031FCC4c519fD24Ad,0,0x72c51b936148a48193ac536e4c645d3d39a08e61,1,298980000000000,246212165,140590,4879500,1742893751,0xf1ba48dfe399110f7f312c36b8ef4b5e07cf3766b5f4873bc9a752c1338a7b0b,NewSale
0x4f5c920bbF5105fa075aDB96b475989be37434c4,69543,0xbc2d6E7c81E7f35473b3594031FCC4c519fD24Ad,1,0xef4d705da7ad3395333a92c1473523221dc67e32,1,230000000000000,124000000,135778,4879504,1742893759,0xb5265572c4f143b0b7ccba647983e994016cd2be16440de013207c4ccc223615,NewSale
0x931b4c2B805099ad64599e72A32380167f990397,69541,0xdc0F91C5a4D200FfC21658901c77c0fE1A14d199,0,0x77f0e4953fde3acb0e699e7583a4fefdbb85bd27,1,680000000000000,124510000,162483,4879527,1742893805,0x68baf46cbb3896d565bb2ea8f9b5bb7992b44fa416716adeaae0e402b23d4c4b,NewSale
0xea399Def61FfaC3bd347e584AC30fCB63A020734,69545,0xbc2d6E7c81E7f35473b3594031FCC4c519fD24Ad,1,0x01a24cb8d73080acdc8205ddde127adfb41bf18f,1,290000000000000,124470000,152890,4879540,1742893831,0x0ca09b4e0c71f1826c1ae2fddfc57f0d640aea825e73fe82411351574479dcf6,NewSale
0x8D04eD8eb8768c4dd371D594Eb40eB5dc7435f4E,69544,0xbc2d6E7c81E7f35473b3594031FCC4c519fD24Ad,0,0x6462b6edb2dd3164717aabc1172f335d6353da21,1,270000000000000,124321552,140578,4879546,1742893843,0x5bf2c1fde59013f8c78427491b04977a37254a5b3f2af902ff164653d242f734,NewSale
0xbAa9672503be4067CCc6eBB08BEe52af3e0b3b4C,69537,0x2Bf46D4497e98FbA2304B0d2453922FFf559Ea02,45,0x01a24cb8d73080acdc8205ddde127adfb41bf18f,1,850000000000000,124010000,164783,4879584,1742893919,0xaf69b7cfcbce034a23d200557a476094e5909430af0ef7b744490f7bca2301b9,NewSale
0xC0DEc165A5d6e6766Fbc35c977f89535899D0411,69451,0xbc2d6E7c81E7f35473b3594031FCC4c519fD24Ad,0,0x72c51b936148a48193ac536e4c645d3d39a08e61,1,299999900000000,245135235,142201,4879608,1742893967,0x3f26028355debd41998a0708647759482e96daf7571d06bfae158b7d7a49fdf4,NewSale
0x6e3F5466a8F6306Ef5bB9675111Fd438d7080428,69549,0xbc2d6E7c81E7f35473b3594031FCC4c519fD24Ad,0,0xbe9a503eeff795b5a415d45cbaf4cec29cf3c111,1,400000000000000,244445867,135778,4879615,1742893981,0x5cf9c6d18c20a01e023b05bae57f5938a904a4d013946d7c4bdf4d100e17f9f1,NewSale
0x8D04eD8eb8768c4dd371D594Eb40eB5dc7435f4E,69546,0xbc2d6E7c81E7f35473b3594031FCC4c519fD24Ad,0,0x6462b6edb2dd3164717aabc1172f335d6353da21,1,270000000000000,122537202,140578,4879618,1742893987,0xc5495a5435fb0241a8cb1da9f7f36d8b9fae5536b3b54d1213c73ea7709f36f3,NewSale
0xA8F02C6B221d01F8a6d8adBC88A5F85b8569CD8E,67401,0x02e21A25F0038fa5BDEe9c0b77aC0c1E84d3d6f0,1390,0xe7063dc6900eacbff63a78ab3b9252bb1383e43d,1,800000000000000,244370490,155246,4879619,1742893989,0x371651dabc97802609e5f985c6c94a01fb879f4291f816448468cde7978bef3f,NewSale
0xbAa9672503be4067CCc6eBB08BEe52af3e0b3b4C,69553,0x2Bf46D4497e98FbA2304B0d2453922FFf559Ea02,46,0x01a24cb8d73080acdc8205ddde127adfb41bf18f,1,850000000000000,122760000,164783,4879629,1742894009,0x3237ca457113db3d6396003cb97edc32cacb8e31e573965119a4e78722088a02,NewSale
0xbd3bD63e46192Ff935dCedf420d026e107127659,69548,0xbc2d6E7c81E7f35473b3594031FCC4c519fD24Ad,0,0x72c51b936148a48193ac536e4c645d3d39a08e61,1,292800000000000,242018338,140590,4879638,1742894027,0xa799959270d2122b5fbc8784e124e5c0dd94eb31deb358e5df3a94eed40c35c4,NewSale
0x2065b7a05102C48A44CB985a1E1f466ac9cEE08C,69157,0xbc2d6E7c81E7f35473b3594031FCC4c519fD24Ad,0,0xbb6e83f74936d8637753e78e9c06b3bfcbb2ca8c,1,300000000000000,123890000,140590,4879648,1742894047,0xa042d7c72cb360ce37be451b32d6f87c8a01f30dad47fa4ca3a86faa46fa9081,NewSale
0x2065b7a05102C48A44CB985a1E1f466ac9cEE08C,69207,0xbc2d6E7c81E7f35473b3594031FCC4c519fD24Ad,0,0xbb6e83f74936d8637753e78e9c06b3bfcbb2ca8c,1,300000000000000,122470000,140590,4879648,1742894047,0x0f06b83622b5bc46423018ac7a1b88119fa7dffa41eddee412332f345cdca3a2,NewSale
0x8C4290224E9dce6d95fA76095F8cCfD55Eb939Da,69555,0xbc2d6E7c81E7f35473b3594031FCC4c519fD24Ad,0,0xb7cdb9197a5803b72828f93bcbbcde262c8814f5,1,200000000000000,119177768,140578,4879660,1742894071,0x55e6c53e06b7e0ae8f5057af058c11cc9bd3797a846d5b443382de0eefc72506,NewSale
0x8C776723B5F28E76edEA5F99f686aF469368B5aa,69556,0xbc2d6E7c81E7f35473b3594031FCC4c519fD24Ad,0,0xfe6282014ba209b276fab855aedf16feb48fc811,1,290000000000000,119095138,140590,4879666,1742894083,0x6b464f2b9acdea4a65de9900f5d33d238271bc3dde9428396b9f7c1c4d09e4a1,NewSale
0xbd3bD63e46192Ff935dCedf420d026e107127659,69558,0xbc2d6E7c81E7f35473b3594031FCC4c519fD24Ad,1,0x590e4a4a4c22a782ec1048a0a883d514e9efaa0f,1,298980000000000,120250000,157690,4879672,1742894095,0x4875bc674be48aec9edc90b8cf78ac76d95e1867724fa1584c69d5e3229e2291,NewSale
0x8C776723B5F28E76edEA5F99f686aF469368B5aa,69552,0xbc2d6E7c81E7f35473b3594031FCC4c519fD24Ad,0,0x5c0896b8fd3723ceb02e29e607e7b6413b42c678,1,290000000000000,236931491,140590,4879675,1742894101,0x82fb9569c6badc39fc748e6433cf0870d271de41221bc634eaf4f28ab0aeb453,NewSale
0x30D8DD5Cf71F8c0550F62d17d14b6e367Fe6a564,69533,0xdc0F91C5a4D200FfC21658901c77c0fE1A14d199,0,0x4d4dd07a3d5482dd452dc5f1f56e271f51b61356,1,620000000000000,122365187,150183,4879678,1742894107,0xf82604eeb8df963b1652cd3656a241cf14645bb9e5d2ddb04160d330f16d1fb3,NewSale
0x8C776723B5F28E76edEA5F99f686aF469368B5aa,69559,0xbc2d6E7c81E7f35473b3594031FCC4c519fD24Ad,0,0xb7cdb9197a5803b72828f93bcbbcde262c8814f5,1,200000000000000,118167768,140578,4879683,1742894117,0xa3fb0d3901725419d02c2e3c8394514bd3d5986868af73eff84caaf512d34caf,NewSale
0x41f07238C5096Eb7eb68c50FE8AE5AdDECBBF5C2,67873,0xbFCACb23F0B41EeEDFf7d04f52CE8f5125150806,10,0x2b44f2bbf9b63d524f86693a0b0ac58c2f82b170,1,500000000000000,118070000,164783,4879701,1742894153,0xd2db714b5b4e1d99d2a3e2d977365d2e87b99a6e47f3c92514a5a6d62c861838,NewSale
0xD749c66fec1b134184B1F7D5cea0c6e45c46E61b,69449,0xdc0F91C5a4D200FfC21658901c77c0fE1A14d199,0,0xa8cbb4d947b6c76631a4d1fc51df52dfea125faa,1,630000000000000,117020929,151794,4879711,1742894173,0xc228de841e3853ec47cdd3fb0894dd4c34e80ac6656a94ec36f3daff77b3df83,NewSale
0xE994Ebf6A6E58d9505Eb7490A9d9191b15E7f401,69529,0x02e21A25F0038fa5BDEe9c0b77aC0c1E84d3d6f0,1505,0xe7063dc6900eacbff63a78ab3b9252bb1383e43d,1,360000000000000,121207336,133358,4879712,1742894175,0xddce5ccaf9154eb8d07ba0746d7677f3fb610196cecf4744bee3f93f6c414b7a,NewSale
0x8C776723B5F28E76edEA5F99f686aF469368B5aa,69560,0xbc2d6E7c81E7f35473b3594031FCC4c519fD24Ad,0,0x20bc92a7aa084f756415c6cf0a0f5f8ff09baafc,1,270000000000000,119816002,140578,4879734,1742894219,0xf7caa06da22ed6499cda4c010659f46b950539704d9d68418e534cb966828008,NewSale
0x30D8DD5Cf71F8c0550F62d17d14b6e367Fe6a564,69538,0xdc0F91C5a4D200FfC21658901c77c0fE1A14d199,0,0xfe6282014ba209b276fab855aedf16feb48fc811,1,640000000000000,115889423,167271,4879736,1742894223,0xa3c25792230cea029d858c49c242908c478b34c5fc0165c2e1e534cce48e50ba,NewSale
0x8C776723B5F28E76edEA5F99f686aF469368B5aa,69565,0xbc2d6E7c81E7f35473b3594031FCC4c519fD24Ad,0,0xf79be417550003399b60797140d5dcb59c2c0f77,1,280000000000000,116480000,140566,4879742,1742894235,0x78cd2f2c3d747622dc11d4498d369c5e49e0e1c0598728d9ea702c6a35744c28,NewSale
0x8C4290224E9dce6d95fA76095F8cCfD55Eb939Da,69562,0xbc2d6E7c81E7f35473b3594031FCC4c519fD24Ad,0,0x20bc92a7aa084f756415c6cf0a0f5f8ff09baafc,1,280000000000000,118431070,140578,4879746,1742894243,0x29c76bb974bf23fc92b57e15dc13bb0e38b5daae25a1db1315c31cf24cc432f2,NewSale
0x80fe121B69163E17bd4e9CC573652e29E48fa4ae,69468,0xbc2d6E7c81E7f35473b3594031FCC4c519fD24Ad,0,0x6f4e47857020ce7610878f3ebe83a09a66a4d816,1,299000000000000,111080000,142201,4879781,1742894313,0x399a4139af0777a426f63adab24a116d611260d636afe0155e6a77f7c9231562,NewSale
0xbd3bD63e46192Ff935dCedf420d026e107127659,69563,0xbc2d6E7c81E7f35473b3594031FCC4c519fD24Ad,1,0xf79be417550003399b60797140d5dcb59c2c0f77,1,298900000000000,111830000,152878,4879811,1742894373,0x9d8c1e7f92304795ffd4edc6d75d9aecfc9668a3449939f5b6c826ad0335f6e0,NewSale
0x8C4290224E9dce6d95fA76095F8cCfD55Eb939Da,69569,0xbc2d6E7c81E7f35473b3594031FCC4c519fD24Ad,0,0xb6d4d757a1cc9386131a869626d448517151cd04,1,280000000000000,112927301,140578,4879833,1742894417,0xcc78ef31796e7aa0e5ce7ba043f50cb7dc8fc3a8fa09b7551db426d81397943e,NewSale
0x72C51b936148a48193AC536E4C645d3D39a08E61,69576,0xbc2d6E7c81E7f35473b3594031FCC4c519fD24Ad,0,0x37a859258488385675c553355c6b13b773f16a79,1,298000000000000,109217951,140590,4879840,1742894431,0x47bae2389c055161ab11ca7785dd84f57fe22743fbb169c0106b7899a9c1bdee,NewSale
0x8C4290224E9dce6d95fA76095F8cCfD55Eb939Da,69547,0xbc2d6E7c81E7f35473b3594031FCC4c519fD24Ad,0,0xb6d4d757a1cc9386131a869626d448517151cd04,1,290000000000000,112779115,140590,4879848,1742894447,0x97c1b6885446f5c804b2e7cfce4d590d8a42b5243b430e316eaebbb46a4c0484,NewSale
0x5c0896b8FD3723cEB02E29E607E7b6413B42c678,69554,0xbc2d6E7c81E7f35473b3594031FCC4c519fD24Ad,0,0xb6d4d757a1cc9386131a869626d448517151cd04,1,290000000000000,111786630,140590,4879869,1742894489,0x2faaf25171ab341afa8245c622ae4eecb6f4b3e779107eaa6458ff647c145b76,NewSale
0x41f07238C5096Eb7eb68c50FE8AE5AdDECBBF5C2,39553,0xbFCACb23F0B41EeEDFf7d04f52CE8f5125150806,6,0x2b44f2bbf9b63d524f86693a0b0ac58c2f82b170,1,33000000000000000000,109130000,186918,4879872,1742894495,0x528340b069566537f174bfdcd11938cdc6b5299e178bab1b85d3b26c04fc7e97,NewSale
0x83816CA9AA1cE39eCEf13A0226261BB26527bff2,69578,0xbc2d6E7c81E7f35473b3594031FCC4c519fD24Ad,0,0xb7cdb9197a5803b72828f93bcbbcde262c8814f5,1,290000000000000,105820634,140590,4879894,1742894539,0xd57956fa4630eaae2644dd137f93b503adaa58c645004359046c69b5047b7ded,NewSale
0x6CE23E93e5d6d67230B7D89784623e74402935f2,69570,0xbc2d6E7c81E7f35473b3594031FCC4c519fD24Ad,1,0x5c0896b8fd3723ceb02e29e607e7b6413b42c678,1,299000000000000,110825174,152890,4879908,1742894567,0xe1c8dfe3cbb40b26d6177feb49e401a146c63d654c5f3411c2d7ec41e7a64fd3,NewSale
0xbd3bD63e46192Ff935dCedf420d026e107127659,69551,0xbc2d6E7c81E7f35473b3594031FCC4c519fD24Ad,0,0xb6d4d757a1cc9386131a869626d448517151cd04,1,298000000000000,108209590,135790,4879912,1742894575,0x3a79b7b8b4c84eccaec78d758560e8d93f3c4be2cba2f8255e880a3b5de8c053,NewSale
0x72C51b936148a48193AC536E4C645d3D39a08E61,69580,0xbc2d6E7c81E7f35473b3594031FCC4c519fD24Ad,0,0xac92d49e83036aec37bb2b3ae6e264f202ba215e,1,298000000000000,110369991,140590,4879921,1742894593,0x227b2aa582ff17d653fce4d26e5c383e81d0d891ec7a7570c2d9c2d42819eedc,NewSale
0x72C51b936148a48193AC536E4C645d3D39a08E61,69577,0xbc2d6E7c81E7f35473b3594031FCC4c519fD24Ad,0,0xa89b7df5086af472abe66ac78cbbfa9e6ed53bfa,1,298000000000000,103672291,140590,4879921,1742894593,0xe9b37fb9cdcb4016742100f53bb819bbb3597a0faaf90b9c890fecd754a2699b,NewSale
0x83816CA9AA1cE39eCEf13A0226261BB26527bff2,69584,0xbc2d6E7c81E7f35473b3594031FCC4c519fD24Ad,0,0xb6d4d757a1cc9386131a869626d448517151cd04,1,299000000000000,109514411,140590,4879939,1742894629,0x06b45f826f3e9d9eebc4a53d54409b1ba1bd17b27442731768dcc035d9d5b5dd,NewSale
0xBe9a503EeFF795B5a415d45cbAF4CEC29cF3C111,69583,0xbc2d6E7c81E7f35473b3594031FCC4c519fD24Ad,0,0xf79be417550003399b60797140d5dcb59c2c0f77,1,390000000000000,104000000,140578,4879940,1742894631,0xbe219266188a13074fa7b294ee6349ad7053879d9511d1b7dc455f2d341ac078,NewSale
0x2065b7a05102C48A44CB985a1E1f466ac9cEE08C,69117,0xbc2d6E7c81E7f35473b3594031FCC4c519fD24Ad,0,0x37a859258488385675c553355c6b13b773f16a79,1,300000000000000,102625358,140590,4879940,1742894631,0x156a1560b08e325051d2ef4f324943e52b469c59fb7ee15417af6b29c4e75dac,NewSale
0x83816CA9AA1cE39eCEf13A0226261BB26527bff2,69582,0xbc2d6E7c81E7f35473b3594031FCC4c519fD24Ad,0,0xf79be417550003399b60797140d5dcb59c2c0f77,1,299900000000000,102720000,140578,4879959,1742894669,0x72e97c1ad003151645cbd8d7e5d08cf1bf8aed080c341bce6b4f37239114883b,NewSale
0x80fe121B69163E17bd4e9CC573652e29E48fa4ae,69468,0xbc2d6E7c81E7f35473b3594031FCC4c519fD24Ad,0,0x72c51b936148a48193ac536e4c645d3d39a08e61,1,299000000000000,105020030,142201,4879998,1742894747,0x6b191883d817a9be9972b30e46a9ec8a4ad979751f45450116d2f3097cefcce5,NewSale
0xB7cDb9197A5803B72828f93BcBbCdE262C8814F5,69588,0xbc2d6E7c81E7f35473b3594031FCC4c519fD24Ad,0,0xf79be417550003399b60797140d5dcb59c2c0f77,1,290000000000000,99100000,140578,4879998,1742894747,0xc95ffd0cbf471bc47c19b30c0aec00489ef089b6c5b8987c266360b98219e41e,NewSale
0x2065b7a05102C48A44CB985a1E1f466ac9cEE08C,69152,0xbc2d6E7c81E7f35473b3594031FCC4c519fD24Ad,0,0x37a859258488385675c553355c6b13b773f16a79,1,300000000000000,97944479,140590,4880005,1742894761,0x3954ceecdc8117aa015e1951f4ddd292d310ce96f84bada4d7ed3c58f7217dc7,NewSale
0x80fe121B69163E17bd4e9CC573652e29E48fa4ae,69468,0xbc2d6E7c81E7f35473b3594031FCC4c519fD24Ad,0,0x2220d8e08069c890941c4c92d5b3f5bfe212cad5,1,299000000000000,97222615,159301,4880012,1742894775,0x3e1586c7b25f75b003ef7bceac3ed8d4859ac6d71fe32e197e37c3b11b0432a9,NewSale
0xD749c66fec1b134184B1F7D5cea0c6e45c46E61b,69449,0xdc0F91C5a4D200FfC21658901c77c0fE1A14d199,0,0x08d0cde8d30eb3a3e43fa36ef3ea7b24a9485b29,1,630000000000000,96532093,151794,4880019,1742894789,0xbdef6f02446470090802a72cdb95970279347f943128aacb8078e07d7b5e56db,NewSale
0x64f7C019021aC74A68D90D08491Ca43b2a632E71,69594,0xbc2d6E7c81E7f35473b3594031FCC4c519fD24Ad,1,0x529f71b8285ecbabf59359e9284e98ad05e683e7,1,15300000000000000000,96518600,178454,4880024,1742894799,0xad5a58833768c246ca3321b8ade02e4c7b46af3835a4df477c80071897f8da22,NewSale
0x8C4290224E9dce6d95fA76095F8cCfD55Eb939Da,69596,0xbc2d6E7c81E7f35473b3594031FCC4c519fD24Ad,0,0x2220d8e08069c890941c4c92d5b3f5bfe212cad5,1,280000000000000,95939884,140578,4880025,1742894801,0xe5c4b212c431d99140a2a87058b514005fec4d25221d1dd972e8cf5ab3e5fb0e,NewSale
0x83816CA9AA1cE39eCEf13A0226261BB26527bff2,69586,0xbc2d6E7c81E7f35473b3594031FCC4c519fD24Ad,0,0xf79be417550003399b60797140d5dcb59c2c0f77,1,300000000000000,97670000,135778,4880027,1742894805,0x5449778ba5cc970925b5ab94f621e66af34772c9bac037a257d669c30b6f2e86,NewSale
0xC0DEc165A5d6e6766Fbc35c977f89535899D0411,69451,0xbc2d6E7c81E7f35473b3594031FCC4c519fD24Ad,0,0x72c51b936148a48193ac536e4c645d3d39a08e61,1,299999900000000,144140508,142201,4880033,1742894817,0xfdd3a7ebee40a5a42fca07cf8ea2613071445eee420641f5dcedd74bc3ddbdec,NewSale
0x2065b7a05102C48A44CB985a1E1f466ac9cEE08C,69151,0xbc2d6E7c81E7f35473b3594031FCC4c519fD24Ad,0,0x2220d8e08069c890941c4c92d5b3f5bfe212cad5,1,300000000000000,94889723,140590,4880037,1742894825,0xfc40f58dcab08fd643dcaf3f6c5b4e0f1b0a709aac959ef818ba25f7a95f8b18,NewSale
0x80fe121B69163E17bd4e9CC573652e29E48fa4ae,69468,0xbc2d6E7c81E7f35473b3594031FCC4c519fD24Ad,0,0x794e6234659beb3ffb79e76487da426b872bcd1c,1,299000000000000,94788789,142201,4880039,1742894829,0x4d6ccd96cedb340d392cc81bcef291c903eb002e610919dc8f0f0f385a04177e,NewSale
0x64f7C019021aC74A68D90D08491Ca43b2a632E71,69594,0xbc2d6E7c81E7f35473b3594031FCC4c519fD24Ad,1,0x529f71b8285ecbabf59359e9284e98ad05e683e7,1,15300000000000000000,94460947,161354,4880043,1742894837,0x5296669496f4c296c5d2ba6b19135be32924bb0070da733594bed068debfeda7,NewSale
0xbAa9672503be4067CCc6eBB08BEe52af3e0b3b4C,67688,0x02e21A25F0038fa5BDEe9c0b77aC0c1E84d3d6f0,1552,0xe7063dc6900eacbff63a78ab3b9252bb1383e43d,1,899000000000000,143828401,138158,4880049,1742894849,0x61df344516fa3af651fed1a67598c6638a7c968f7b25f3a4df0b414125c2d570,NewSale
0x590E4A4A4C22a782ec1048A0A883D514E9EFaA0f,69571,0xbc2d6E7c81E7f35473b3594031FCC4c519fD24Ad,1,0xf79be417550003399b60797140d5dcb59c2c0f77,1,300000000000000,95430000,135778,4880053,1742894857,0xaaee14e056963432b9b927b3645edfe50170268a21da58cd37db7fd66ccf4f13,NewSale
0x64f7C019021aC74A68D90D08491Ca43b2a632E71,69594,0xbc2d6E7c81E7f35473b3594031FCC4c519fD24Ad,1,0x529f71b8285ecbabf59359e9284e98ad05e683e7,1,15300000000000000000,94412660,161354,4880062,1742894875,0xf55aa41a7534c7d56246ad7f964220aad2ca9c0453b495b9634125d2542ae5b9,NewSale
0x82D86275bb84De364918Ca0153136F7c260B68F1,69225,0xbc2d6E7c81E7f35473b3594031FCC4c519fD24Ad,1,0x2220d8e08069c890941c4c92d5b3f5bfe212cad5,1,300000000000000,93990146,157690,4880066,1742894883,0xf814d62ac24d7cfdbd3a8e3e8cbf24ab16fe9053399c11474bc8f8f27706c06d,NewSale
0xC0DEc165A5d6e6766Fbc35c977f89535899D0411,69597,0xbc2d6E7c81E7f35473b3594031FCC4c519fD24Ad,0,0xbd3bd63e46192ff935dcedf420d026e107127659,1,298000000000000,142416102,159301,4880074,1742894899,0xeeecf98c8fe4fe808a3bd7a0b7a83b250ea3d49c63825497827fa2e2075f9f56,NewSale
0x64f7C019021aC74A68D90D08491Ca43b2a632E71,69594,0xbc2d6E7c81E7f35473b3594031FCC4c519fD24Ad,1,0x529f71b8285ecbabf59359e9284e98ad05e683e7,1,15300000000000000000,92928770,161354,4880082,1742894915,0xea980d56ed3a8bf765cf324010c05d02817c01fb67264c0d2576318ffe3d1419,NewSale
0xD749c66fec1b134184B1F7D5cea0c6e45c46E61b,69449,0xdc0F91C5a4D200FfC21658901c77c0fE1A14d199,0,0x5c0896b8fd3723ceb02e29e607e7b6413b42c678,1,630000000000000,141387768,151794,4880085,1742894921,0xc9c8763371bcd305b30693c9344cf78de10b2f08fe96bdda48a7080aaaab0378,NewSale
0xE801f92424eBAFbf6F37d2CD81e3823FD8B67A0e,69599,0xbc2d6E7c81E7f35473b3594031FCC4c519fD24Ad,1,0xf79be417550003399b60797140d5dcb59c2c0f77,1,290000000000000,93020000,135778,4880099,1742894949,0x443f736fe6dd28170d30a9601104e3c212ef94c2089683edf2f2da940a2a673e,NewSale
0x64f7C019021aC74A68D90D08491Ca43b2a632E71,69594,0xbc2d6E7c81E7f35473b3594031FCC4c519fD24Ad,1,0x529f71b8285ecbabf59359e9284e98ad05e683e7,1,15300000000000000000,91950369,161354,4880101,1742894953,0x3c2f470b1b423256057c68c2c8c2ec1f27d625f55db0aa055664ca7652d1df63,NewSale
0xA8F02C6B221d01F8a6d8adBC88A5F85b8569CD8E,67398,0x02e21A25F0038fa5BDEe9c0b77aC0c1E84d3d6f0,1393,0xe7063dc6900eacbff63a78ab3b9252bb1383e43d,1,800000000000000,140851443,138146,4880102,1742894955,0xa934652ef37f4767742729c15734c4d0196132f99ba971355b6fcc936aafeb54,NewSale
0x30D8DD5Cf71F8c0550F62d17d14b6e367Fe6a564,69595,0xdc0F91C5a4D200FfC21658901c77c0fE1A14d199,0,0x2955e3afaae84579b99d2afca71ba21c68948155,1,630000000000000,91519629,145383,4880109,1742894969,0x30a6bc03ec15e79ddfd6745c2be880ae89abb3c6a1bf07c8914c71fab3c205e5,NewSale
0x80fe121B69163E17bd4e9CC573652e29E48fa4ae,69468,0xbc2d6E7c81E7f35473b3594031FCC4c519fD24Ad,0,0x72c51b936148a48193ac536e4c645d3d39a08e61,1,299000000000000,91674079,140590,4880114,1742894979,0xcec6821b5013503cbfedc34264cf5997787187f24884eb30fc97fba3863165f8,NewSale
0x64f7C019021aC74A68D90D08491Ca43b2a632E71,69594,0xbc2d6E7c81E7f35473b3594031FCC4c519fD24Ad,1,0x529f71b8285ecbabf59359e9284e98ad05e683e7,1,15300000000000000000,91106591,161354,4880120,1742894991,0x773ad0bbcedd23cffd65c422acabd4487f244b7859b0d27e871c6405d87605a2,NewSale
0xC0DEc165A5d6e6766Fbc35c977f89535899D0411,69597,0xbc2d6E7c81E7f35473b3594031FCC4c519fD24Ad,0,0xf79be417550003399b60797140d5dcb59c2c0f77,1,298000000000000,91990000,142189,4880122,1742894995,0x8f8eee87c7da5629e30171330f13129b18d8b6e84eb092e05e02ff1d30351e79,NewSale
0xC0DEc165A5d6e6766Fbc35c977f89535899D0411,69597,0xbc2d6E7c81E7f35473b3594031FCC4c519fD24Ad,0,0xe53fefbd1ca8723490023cbaf6b13ed38dae5d95,1,298000000000000,92470000,142201,4880123,1742894997,0x34ebba3b1178d2a1e0ea366ce725bffc859b6683ae76855248d6025790bcda37,NewSale
0x4324d85d7B5436c95E5F4CbdCc90B8c1ae6CAffa,68104,0xDfC21bE7cC791a5f03A95E836D385bBC6d7dF384,1257,0xb33fb420c0d351c2f52ee2e0a804103b6963f86a,1,400000000000000,91630000,138146,4880135,1742895021,0x9891d3c8607e4b3b58c739627d02b05577ae40c4c6bf49b8c9a5f9f3e1a09046,NewSale
0xA8F02C6B221d01F8a6d8adBC88A5F85b8569CD8E,67413,0x02e21A25F0038fa5BDEe9c0b77aC0c1E84d3d6f0,1389,0xe7063dc6900eacbff63a78ab3b9252bb1383e43d,1,800000000000000,93712244,138146,4880139,1742895029,0x30c1db28515f917c1bc386001067fc6575ba946c427b8fa1f54f2dcddee72ee5,NewSale
0x64f7C019021aC74A68D90D08491Ca43b2a632E71,69594,0xbc2d6E7c81E7f35473b3594031FCC4c519fD24Ad,1,0x529f71b8285ecbabf59359e9284e98ad05e683e7,1,15300000000000000000,93676719,161354,4880140,1742895031,0x2113aa71a6792595b30071f3503e198fd8e23f903607c973974e79e9bd7343a7,NewSale
0x37a859258488385675C553355c6B13B773f16a79,69601,0xbc2d6E7c81E7f35473b3594031FCC4c519fD24Ad,0,0xa8cbb4d947b6c76631a4d1fc51df52dfea125faa,1,280000000000000,89969562,140578,4880143,1742895037,0xcb735b9e2d837d3415c0c8dafc43a5690f484d303096bdb22d2fd40a5ef6f5b6,NewSale
0xC0DEc165A5d6e6766Fbc35c977f89535899D0411,69451,0xbc2d6E7c81E7f35473b3594031FCC4c519fD24Ad,0,0x72c51b936148a48193ac536e4c645d3d39a08e61,1,299999900000000,93381095,142201,4880144,1742895039,0x1e58950dcd252c9025963de14ec647f221989b7a56bc686f95e055cd0b7fd475,NewSale
0x1ac47a59b18d89Dc7a0905A0E576B860cc93EBBB,69001,0x02e21A25F0038fa5BDEe9c0b77aC0c1E84d3d6f0,1684,0x27061e0c6691e8687150505f6104885aa224f64f,1,400000000000000,93390000,155246,4880153,1742895057,0x956dd39fb2d94a3c2b4fca1c284fe61122b1ec593d6b7a6e03b0066c516938a3,NewSale
0x64f7C019021aC74A68D90D08491Ca43b2a632E71,69594,0xbc2d6E7c81E7f35473b3594031FCC4c519fD24Ad,1,0x529f71b8285ecbabf59359e9284e98ad05e683e7,1,15300000000000000000,92489146,161354,4880159,1742895069,0xa1d16c00901960e2d90c5398ea8305e26aa54d01ed09920decda0c9b0c3a7aa7,NewSale
0x5D5E9afE3E658422c875404e734aD6b5b6c36f68,68931,0xDfC21bE7cC791a5f03A95E836D385bBC6d7dF384,1228,0xb33fb420c0d351c2f52ee2e0a804103b6963f86a,1,400000000000000,90430000,138146,4880159,1742895069,0x140a5526532f92c4ea62821beb04ab6cb34eb4104f5f21c804ded2b776be53ac,NewSale
0x5c0896b8FD3723cEB02E29E607E7b6413B42c678,69592,0xbc2d6E7c81E7f35473b3594031FCC4c519fD24Ad,1,0xf79be417550003399b60797140d5dcb59c2c0f77,1,300000000000000,90410000,135778,4880164,1742895079,0x85f4ee61a396b03f55af03c7deb91aa45db32ba3530e09e33813bd485b1f3f9d,NewSale
0xC0DEc165A5d6e6766Fbc35c977f89535899D0411,69597,0xbc2d6E7c81E7f35473b3594031FCC4c519fD24Ad,0,0x557cee07243d4e188535c857f20324baae270e3e,1,298000000000000,93020000,142201,4880167,1742895085,0x2d63dc8547641bb30ef7a715c6db85fa91fc3e7c5688f5065c7688e7f3fb3111,NewSale
0x64f7C019021aC74A68D90D08491Ca43b2a632E71,69594,0xbc2d6E7c81E7f35473b3594031FCC4c519fD24Ad,1,0x529f71b8285ecbabf59359e9284e98ad05e683e7,1,15300000000000000000,88771684,161354,4880179,1742895109,0xccfc4b918d61d833ee6b144a707d6ddf1a856be4680755855808f737f93a4abd,NewSale
0x4324d85d7B5436c95E5F4CbdCc90B8c1ae6CAffa,68105,0xDfC21bE7cC791a5f03A95E836D385bBC6d7dF384,1256,0xb33fb420c0d351c2f52ee2e0a804103b6963f86a,1,400000000000000,89110000,138146,4880188,1742895127,0x90e6a6652df4de0f3593a9ac5d4969521b2de992bb8f73b5eca781857c95abf3,NewSale
0x64f7C019021aC74A68D90D08491Ca43b2a632E71,69594,0xbc2d6E7c81E7f35473b3594031FCC4c519fD24Ad,1,0x529f71b8285ecbabf59359e9284e98ad05e683e7,1,15300000000000000000,87139781,161354,4880198,1742895147,0x00c27c04a23c017b238821246efb1e1b174af08313291ee2869116ff5e5591c0,NewSale
0xC0DEc165A5d6e6766Fbc35c977f89535899D0411,69597,0xbc2d6E7c81E7f35473b3594031FCC4c519fD24Ad,0,0xf79be417550003399b60797140d5dcb59c2c0f77,1,298000000000000,87530000,142189,4880209,1742895169,0x4d30f3c796d3bdda3496e70e0b35e20c906cdaef8132d4f9aa2c457888154529,NewSale
0xE7389a2D3efdAA1ef330a4476f423c40Af362e39,68295,0x6EF07dE7778f607b8658e743bd42Ad4Db277d54C,29,0x2220d8e08069c890941c4c92d5b3f5bfe212cad5,1,55000000000000000000,86216676,180539,4880210,1742895171,0xf4b4c7a73b46d90bb240b0c603ef872c184d7c11227717b7244ee7c4aca98c5c,NewSale
0x5D5E9afE3E658422c875404e734aD6b5b6c36f68,68131,0xDfC21bE7cC791a5f03A95E836D385bBC6d7dF384,1226,0xb33fb420c0d351c2f52ee2e0a804103b6963f86a,1,400000000000000,87530000,138146,4880214,1742895179,0x98f6db76e3298e796f7a58e9987de0d213ed40720cbe6968fc0dde476c165956,NewSale
0x64f7C019021aC74A68D90D08491Ca43b2a632E71,69594,0xbc2d6E7c81E7f35473b3594031FCC4c519fD24Ad,1,0x529f71b8285ecbabf59359e9284e98ad05e683e7,1,15300000000000000000,85909145,161354,4880218,1742895187,0x75cde80cefda858144335c6b840c565eb07b7aa9e5bf6d8ea6dbf428e48f074b,NewSale
0x2065b7a05102C48A44CB985a1E1f466ac9cEE08C,69140,0xbc2d6E7c81E7f35473b3594031FCC4c519fD24Ad,0,0x1c9c8ddf23fd9325a227b91cb4f92f5018b0ff72,1,300000000000000,86290000,140590,4880224,1742895199,0xd0e201513a06e5d23c7b1fa33db9e4b9a890dd2d97fc47e7120df46697cd03ce,NewSale
0xA8cbB4D947B6c76631A4D1fc51dF52dFeA125FAa,69608,0xbc2d6E7c81E7f35473b3594031FCC4c519fD24Ad,0,0x1a0338c5f19c10d4e160106f91285d844a69cb59,1,280000000000000,85470944,140578,4880224,1742895199,0xa0c5b0979de0b5d6146eff027574194a008ad2c13b0208d5af3c0323f0fb4518,NewSale
0x1ac47a59b18d89Dc7a0905A0E576B860cc93EBBB,69005,0x02e21A25F0038fa5BDEe9c0b77aC0c1E84d3d6f0,1687,0x27061e0c6691e8687150505f6104885aa224f64f,1,400000000000000,103550000,138146,4880225,1742895201,0x727461e981eee01aa9a6584997c27a92101ef2f2e10440ab8850c6f04c388504,NewSale
0x37a859258488385675C553355c6B13B773f16a79,69606,0xbc2d6E7c81E7f35473b3594031FCC4c519fD24Ad,0,0x1c9c8ddf23fd9325a227b91cb4f92f5018b0ff72,1,286000000000000,86290000,140590,4880236,1742895223,0x87fe8ca2417b8b7b35ddb66678c4a3174bc6b399d9bcac6f1c4e1b14565e7b35,NewSale
0x64f7C019021aC74A68D90D08491Ca43b2a632E71,69594,0xbc2d6E7c81E7f35473b3594031FCC4c519fD24Ad,1,0x529f71b8285ecbabf59359e9284e98ad05e683e7,1,15300000000000000000,84301833,161354,4880237,1742895225,0x1224695fc1788dfd92f104a60c2fd859ea150ef06098c60b769f8e4d16d770c6,NewSale
0x5037ec1560AA918e8f9E2405D8590F8Fd3BA6658,67876,0x02e21A25F0038fa5BDEe9c0b77aC0c1E84d3d6f0,1416,0xe7063dc6900eacbff63a78ab3b9252bb1383e43d,1,800000000000000,83588838,138146,4880249,1742895249,0x04f239bb58cb776bc11fb74eff325e2ef6098790753cfcd022c275443b1c152a,NewSale
0x37a859258488385675C553355c6B13B773f16a79,69605,0xbc2d6E7c81E7f35473b3594031FCC4c519fD24Ad,0,0x794e6234659beb3ffb79e76487da426b872bcd1c,1,288000000000000,83032192,140578,4880251,1742895253,0xe1a2388ab58a1ea80e2c31697aa3d00550419622567b27eb378c500abb2bae2f,NewSale
0x72C51b936148a48193AC536E4C645d3D39a08E61,69611,0xbc2d6E7c81E7f35473b3594031FCC4c519fD24Ad,0,0xb2020619b40aa268e3e2b6d6f6d7271bc93dac14,1,290000000000000,166056177,157690,4880255,1742895261,0xfa1c0fe6ddf00d898b9c5bcca746af9f57a1abe77344bbef76abf7991bc677b5,NewSale
0x64f7C019021aC74A68D90D08491Ca43b2a632E71,69594,0xbc2d6E7c81E7f35473b3594031FCC4c519fD24Ad,1,0x529f71b8285ecbabf59359e9284e98ad05e683e7,1,15300000000000000000,82503795,161354,4880258,1742895267,0xc761789d26c536d68ad753002356c7b5443bf844881291c22aa00c4bdd34d139,NewSale
0xC0DEc165A5d6e6766Fbc35c977f89535899D0411,69597,0xbc2d6E7c81E7f35473b3594031FCC4c519fD24Ad,0,0x4fd58fa77aea3396260e7074a70f64e5dcfafc65,1,298000000000000,82625439,142201,4880261,1742895273,0x96a16d8145d98e8ae1936ae30716088c75faf261758a55e0d9f4b8b38714a7e1,NewSale
0x5Bed7c363CE32A07F0A3fD2313f3e623EE319ef9,69603,0xbc2d6E7c81E7f35473b3594031FCC4c519fD24Ad,1,0x1c9c8ddf23fd9325a227b91cb4f92f5018b0ff72,1,290000000000000,83580000,152890,4880269,1742895289,0x489fa50aa6d348628fa2dd58d66ff21a33bfb1ff1aa8190064bf1fcf12e3da60,NewSale
0x209B6C6AB564d19fC31d6322A8cDA553BADc2C70,68038,0x02e21A25F0038fa5BDEe9c0b77aC0c1E84d3d6f0,1613,0xe7063dc6900eacbff63a78ab3b9252bb1383e43d,1,777000000000000,82431092,138158,4880271,1742895293,0xf91cc8609ef008bd586bfc93c695d12f739e425fc571f975f1c88556daad8d7e,NewSale
0x4324d85d7B5436c95E5F4CbdCc90B8c1ae6CAffa,68110,0xDfC21bE7cC791a5f03A95E836D385bBC6d7dF384,1235,0xb33fb420c0d351c2f52ee2e0a804103b6963f86a,1,400000000000000,83580000,133346,4880278,1742895307,0x0e230a4543351d4c6721d66186fe1923470511962bb0bcf4281929b2db9688cd,NewSale
0x64f7C019021aC74A68D90D08491Ca43b2a632E71,69594,0xbc2d6E7c81E7f35473b3594031FCC4c519fD24Ad,1,0x529f71b8285ecbabf59359e9284e98ad05e683e7,1,15300000000000000000,81003688,161354,4880278,1742895307,0x7024f3ab31dc87b472ccf72db023b80bcef9bd25a25e8f4672a5cb336e23a0b8,NewSale
0x72C51b936148a48193AC536E4C645d3D39a08E61,69614,0xbc2d6E7c81E7f35473b3594031FCC4c519fD24Ad,0,0x1c9c8ddf23fd9325a227b91cb4f92f5018b0ff72,1,290000000000000,82570000,140590,4880282,1742895315,0x3afe196bb2a1f4b47b5108bd6eba52bef2f24e37bf42af03edb9bdece103b460,NewSale
0x72C51b936148a48193AC536E4C645d3D39a08E61,69616,0xbc2d6E7c81E7f35473b3594031FCC4c519fD24Ad,0,0x1c9c8ddf23fd9325a227b91cb4f92f5018b0ff72,1,290000000000000,81020000,140590,4880297,1742895345,0x1300ed3279587f31d33cfe2b785679a6220010670fca733a7b5fa5d31e31ac79,NewSale
0x64f7C019021aC74A68D90D08491Ca43b2a632E71,69594,0xbc2d6E7c81E7f35473b3594031FCC4c519fD24Ad,1,0x529f71b8285ecbabf59359e9284e98ad05e683e7,1,15300000000000000000,80354393,161354,4880298,1742895347,0x0649f084e6003f4bc4d788bdd6f153fb76084ff081df1ad96c38e716b42c066e,NewSale
0xC0DEc165A5d6e6766Fbc35c977f89535899D0411,69597,0xbc2d6E7c81E7f35473b3594031FCC4c519fD24Ad,0,0x557cee07243d4e188535c857f20324baae270e3e,1,298000000000000,81710000,142201,4880301,1742895353,0xb4a77c39cce2eef65b94cf2ee7ce85b63083a9f4d4e0ca530115349062f03f7a,NewSale
0xC0DEc165A5d6e6766Fbc35c977f89535899D0411,69451,0xbc2d6E7c81E7f35473b3594031FCC4c519fD24Ad,0,0xb1a9182427fa79e81e9de68bc27c885dc24d12ca,1,299999900000000,81020000,142201,4880302,1742895355,0xb9cdc1dbc959e0468114f6118b642e3dda4afb26eae3461f619ad1ea0746993d,NewSale
0xC0DEc165A5d6e6766Fbc35c977f89535899D0411,69597,0xbc2d6E7c81E7f35473b3594031FCC4c519fD24Ad,0,0x794e6234659beb3ffb79e76487da426b872bcd1c,1,298000000000000,79568133,142201,4880304,1742895359,0xfb851a6de0efe2a9c99f2d438c33b8e8d3dcecbfce23abc2b03ffc6bd3e8837d,NewSale
0x5D5E9afE3E658422c875404e734aD6b5b6c36f68,68130,0xDfC21bE7cC791a5f03A95E836D385bBC6d7dF384,1227,0xb33fb420c0d351c2f52ee2e0a804103b6963f86a,1,400000000000000,80620000,138146,4880310,1742895371,0x3ffd6f968ca69927ae57da589998bfff23b46bf52723a62ed173318364896e8b,NewSale
0xE1F740605bc65ca988FA7dDfb715B0B9dbBb8407,69617,0xbc2d6E7c81E7f35473b3594031FCC4c519fD24Ad,1,0x1c9c8ddf23fd9325a227b91cb4f92f5018b0ff72,1,290000000000000,80620000,135790,4880310,1742895371,0x9ec99c632c453d71620b2430539d3e91f0d71b63b39b5be1553469bccaa23007,NewSale
0x64f7C019021aC74A68D90D08491Ca43b2a632E71,69594,0xbc2d6E7c81E7f35473b3594031FCC4c519fD24Ad,1,0x529f71b8285ecbabf59359e9284e98ad05e683e7,1,15300000000000000000,79314787,161354,4880317,1742895385,0x9f4fc0a6b11306098737bfca25b85c7308d5e2ab166965156f47851ace71220b,NewSale
0x72C51b936148a48193AC536E4C645d3D39a08E61,69619,0xbc2d6E7c81E7f35473b3594031FCC4c519fD24Ad,0,0x1c9c8ddf23fd9325a227b91cb4f92f5018b0ff72,1,292000000000000,79470000,140590,4880340,1742895431,0xd584b31f3bdc6c4e858468d333c6ec80e206476914a70c6bd317ee16cab49bb6,NewSale
0xC0DEc165A5d6e6766Fbc35c977f89535899D0411,69451,0xbc2d6E7c81E7f35473b3594031FCC4c519fD24Ad,0,0x72c51b936148a48193ac536e4c645d3d39a08e61,1,299999900000000,78769705,142201,4880355,1742895461,0x7fed3f73e0b185a59d0a7b69334863eba9fd2296dd9f546072241deccefcbe0d,NewSale
0xC0DEc165A5d6e6766Fbc35c977f89535899D0411,69597,0xbc2d6E7c81E7f35473b3594031FCC4c519fD24Ad,0,0x794e6234659beb3ffb79e76487da426b872bcd1c,1,298000000000000,78481617,142201,4880357,1742895465,0x72202437f8a9f39d76c48875cdd5814ad069fa6ef58b28d50b9c07be84922c04,NewSale
0xC0DEc165A5d6e6766Fbc35c977f89535899D0411,69597,0xbc2d6E7c81E7f35473b3594031FCC4c519fD24Ad,0,0x1c9c8ddf23fd9325a227b91cb4f92f5018b0ff72,1,298000000000000,78610000,142201,4880371,1742895493,0xb7625ba1310aa566798c08ef8b1bbe309b55f1f4518be8857b23f98c6788f811,NewSale
0x230bFf75310590b1Ac4B5Fd4fb34A7cee8282Ea9,60372,0x6aD26D68bFf8cAD6bAaeA257832854e58B08150E,7,0x2220d8e08069c890941c4c92d5b3f5bfe212cad5,1,600000000000000,78394797,164771,4880374,1742895499,0xc704a436ab8c91e28ff80ae5c0333c3ec0b814b63ab09c93557b57874ca042ef,NewSale
0xC0DEc165A5d6e6766Fbc35c977f89535899D0411,69451,0xbc2d6E7c81E7f35473b3594031FCC4c519fD24Ad,0,0x1c8915f70850873a03df2d6cdba71b226bcdfeb3,1,299999900000000,78224049,142201,4880387,1742895525,0x51400269f000a5deb7cf927f30f41a2d012b8e4a88a062dd3a7657177c5120d5,NewSale
0x230bFf75310590b1Ac4B5Fd4fb34A7cee8282Ea9,60374,0x6aD26D68bFf8cAD6bAaeA257832854e58B08150E,5,0x2220d8e08069c890941c4c92d5b3f5bfe212cad5,1,600000000000000,78224049,164771,4880387,1742895525,0x2da6cd02b2c9d2a2376ce6e033ae906126dfda33ba29308e0b7bcde9e084de96,NewSale
0xeF0Ef28b882d166B732d00A01Ea762B9CCd3FE44,69621,0xbc2d6E7c81E7f35473b3594031FCC4c519fD24Ad,1,0xb6d4d757a1cc9386131a869626d448517151cd04,1,290000000000000,78758864,159301,4880388,1742895527,0xa986df1023620593bfca8e1c9608e094ded86e0b85800c3d5eeff43a9c77fedf,NewSale
0x37a859258488385675C553355c6B13B773f16a79,69625,0xbc2d6E7c81E7f35473b3594031FCC4c519fD24Ad,0,0x1c9c8ddf23fd9325a227b91cb4f92f5018b0ff72,1,284000000000000,78480000,140590,4880394,1742895539,0xe591d48775ba8b0bda8cc5e2789dc96d0f63420a265ef6c9f421738df31c5323,NewSale
0x230bFf75310590b1Ac4B5Fd4fb34A7cee8282Ea9,60376,0x6aD26D68bFf8cAD6bAaeA257832854e58B08150E,3,0x2220d8e08069c890941c4c92d5b3f5bfe212cad5,1,600000000000000,77896435,164771,4880398,1742895547,0x1261381a5d7fb77738203624110e92ba0a4e35fd351b0dc63eb79edc3f109e7b,NewSale
0x72e376572d75114509c025797B7B14f8a96f7B58,69568,0xbFCACb23F0B41EeEDFf7d04f52CE8f5125150806,5,0xdbd300eba0f755bb06da769a4e1a84e4330068af,1,400000000000000,77744319,162447,4880407,1742895565,0x1475da0cb0532208bc5a980b32ebb3da5757611f05bf9e24335aaba78d02c2c1,NewSale
0x230bFf75310590b1Ac4B5Fd4fb34A7cee8282Ea9,60378,0x6aD26D68bFf8cAD6bAaeA257832854e58B08150E,1,0x2220d8e08069c890941c4c92d5b3f5bfe212cad5,1,600000000000000,77786376,164771,4880411,1742895573,0xa5360ba38b06654588caaf9f01f3011b0e2a446adea69354084045916824ed77,NewSale
0xeF0Ef28b882d166B732d00A01Ea762B9CCd3FE44,69621,0xbc2d6E7c81E7f35473b3594031FCC4c519fD24Ad,1,0xb6d4d757a1cc9386131a869626d448517151cd04,1,290000000000000,78318720,142201,4880415,1742895581,0xca31e1af23478c8d86fe0614e7885d911793b748274810e1fe0b8a3f49e30e1b,NewSale
0x2065b7a05102C48A44CB985a1E1f466ac9cEE08C,69162,0xbc2d6E7c81E7f35473b3594031FCC4c519fD24Ad,0,0x9611a5e2a82ed7046ed778864ea8855ef3fe87a1,1,300000000000000,77720737,140590,4880415,1742895581,0x9b21e2b56c86bdc439c23622649fcb8c2d51c9fbe72d449aad45aa822137c038,NewSale
0xC0DEc165A5d6e6766Fbc35c977f89535899D0411,69451,0xbc2d6E7c81E7f35473b3594031FCC4c519fD24Ad,0,0x557cee07243d4e188535c857f20324baae270e3e,1,299999900000000,78500000,142201,4880416,1742895583,0xab938b9acc9def8e4643c2545066ba244510aad0f802e3be6c70ed930b6a2ced,NewSale
0xA8F02C6B221d01F8a6d8adBC88A5F85b8569CD8E,67400,0x02e21A25F0038fa5BDEe9c0b77aC0c1E84d3d6f0,1391,0xe7063dc6900eacbff63a78ab3b9252bb1383e43d,1,800000000000000,78236365,138146,4880417,1742895585,0x8c0937741149f67d31a6d6e559914f3384fbf5bb22887921ec9511607cbbe943,NewSale
0x152e90aeA9d36DE108954Cc757f5125EaE1539F3,69626,0xbc2d6E7c81E7f35473b3594031FCC4c519fD24Ad,0,0xb2020619b40aa268e3e2b6d6f6d7271bc93dac14,1,300000000000000,78309896,140590,4880419,1742895589,0x998faf59d136a0aae5632f6028a4ac102b6b9be007765e5ec69a48bf1579fd71,NewSale
0x230bFf75310590b1Ac4B5Fd4fb34A7cee8282Ea9,60396,0x6aD26D68bFf8cAD6bAaeA257832854e58B08150E,8,0x2220d8e08069c890941c4c92d5b3f5bfe212cad5,1,600000000000000,77422176,164771,4880423,1742895597,0x6aa5adee0618b179749377e8d1dafdcadcf9757807e7491507415d3bcd9848e0,NewSale
0x41f07238C5096Eb7eb68c50FE8AE5AdDECBBF5C2,67297,0xbFCACb23F0B41EeEDFf7d04f52CE8f5125150806,2,0xdbd300eba0f755bb06da769a4e1a84e4330068af,1,500000000000000,77209007,164759,4880425,1742895601,0x22f2a99c00cd3febdbd2ebcc74ac4d101a4bb05a9a222eceec36ff1e6ee57a6f,NewSale
0xC0DEc165A5d6e6766Fbc35c977f89535899D0411,69597,0xbc2d6E7c81E7f35473b3594031FCC4c519fD24Ad,0,0x794e6234659beb3ffb79e76487da426b872bcd1c,1,298000000000000,77170643,142201,4880429,1742895609,0x2e973b0d5e75a48d2a69562388ab2f7ca4b45c6b745c5795f20533fd337df1b9,NewSale
0x2065b7a05102C48A44CB985a1E1f466ac9cEE08C,69164,0xbc2d6E7c81E7f35473b3594031FCC4c519fD24Ad,0,0x9611a5e2a82ed7046ed778864ea8855ef3fe87a1,1,300000000000000,76150505,140590,4880454,1742895659,0xd65d66874c0c8b285dce8f2788a49b13430b08d07c0ea8f472cb63fcdbe98664,NewSale
0x230bFf75310590b1Ac4B5Fd4fb34A7cee8282Ea9,60399,0x6aD26D68bFf8cAD6bAaeA257832854e58B08150E,5,0x2220d8e08069c890941c4c92d5b3f5bfe212cad5,1,600000000000000,76043420,147671,4880458,1742895667,0x9aacf395d8f5c9b871746ec332015dac8bce7e9c0ecf769fc383fb4307a5a323,NewSale
0xC0DEc165A5d6e6766Fbc35c977f89535899D0411,69597,0xbc2d6E7c81E7f35473b3594031FCC4c519fD24Ad,0,0x72c51b936148a48193ac536e4c645d3d39a08e61,1,298000000000000,76198038,142201,4880467,1742895685,0x6c9f0b7a0207921ab5ab0314b5dc8f251a43fe86a3d98f5874bbf25369b76633,NewSale
0xA8cbB4D947B6c76631A4D1fc51dF52dFeA125FAa,69610,0xbc2d6E7c81E7f35473b3594031FCC4c519fD24Ad,0,0xc75e44ab534adb84acaa7e75861841ee03f40c75,1,328000000000000,76350000,135790,4880471,1742895693,0xc6c7b3faa76eea0573d12e881b3628cb8a05af5f804efafd73e12564e24cbf16,NewSale
0x230bFf75310590b1Ac4B5Fd4fb34A7cee8282Ea9,60401,0x6aD26D68bFf8cAD6bAaeA257832854e58B08150E,3,0x2220d8e08069c890941c4c92d5b3f5bfe212cad5,1,600000000000000,75304870,147671,4880471,1742895693,0x26832ea446e720201e3ddd90daa78cb0626fbb76651bc06e9034ac16bec2bfa5,NewSale
0xBa13F9A1094e34d2AC1F593b80f63cFfB52E8f0B,65660,0xbFCACb23F0B41EeEDFf7d04f52CE8f5125150806,3,0xdbd300eba0f755bb06da769a4e1a84e4330068af,1,500000000000000,75260126,167247,4880472,1742895695,0xb39136bfc876f964180250e37dfd10feef6bca07c1e1fa46ecef01b7c2ced376,NewSale
0x72C51b936148a48193AC536E4C645d3D39a08E61,69613,0xbc2d6E7c81E7f35473b3594031FCC4c519fD24Ad,0,0x5ae08e6ec715833a9413d1cf19224e336400dba4,1,300000000000000,75074058,140578,4880475,1742895701,0x9bda4840568b4375485d59d38fbb554b342dc2dd1bfb7ccf69e0701ba5e36b12,NewSale
0xeF0Ef28b882d166B732d00A01Ea762B9CCd3FE44,69621,0xbc2d6E7c81E7f35473b3594031FCC4c519fD24Ad,1,0x794e6234659beb3ffb79e76487da426b872bcd1c,1,290000000000000,75059380,159301,4880478,1742895707,0xa1073b00e23e1957f7d66a6afacd528c2c75e180ab0b502eb7c72bed9acce66a,NewSale
0xf15D3dF2C37eCB70905059e6c2120932F6eBFfB3,69508,0xdc0F91C5a4D200FfC21658901c77c0fE1A14d199,0,0xfdc68b3c8f7d66f0e1745d5a31a1c6e925ed4e3b,1,650000000000000,75480000,150183,4880485,1742895721,0x8cf5bf93f2ea5be41546d252731dd317765ea912cb431ffe9d5bd34723125ff9,NewSale
0xC0DEc165A5d6e6766Fbc35c977f89535899D0411,69597,0xbc2d6E7c81E7f35473b3594031FCC4c519fD24Ad,0,0xe53fefbd1ca8723490023cbaf6b13ed38dae5d95,1,298000000000000,75860000,142201,4880504,1742895759,0x00d200dfea7f842eafbe5119b4ea74ffb349dcc1262c7f0da381da95d0bc0948,NewSale
0xA19CB3B81e3d16Daa805c321634119DF0327111b,69213,0xbc2d6E7c81E7f35473b3594031FCC4c519fD24Ad,0,0x9611a5e2a82ed7046ed778864ea8855ef3fe87a1,1,300000000000000,74630341,140590,4880512,1742895775,0x2154fa526426e4f8a34c28998c6f7acf57803c8263c0842f07440fa5873e656d,NewSale
0xeF0Ef28b882d166B732d00A01Ea762B9CCd3FE44,69621,0xbc2d6E7c81E7f35473b3594031FCC4c519fD24Ad,1,0x794e6234659beb3ffb79e76487da426b872bcd1c,1,290000000000000,73487248,142201,4880526,1742895803,0x21feced7ffb5a33830847d7e9059bbde83f07e1c400e9205b9cec0be3a7cffec,NewSale
0x1ac47a59b18d89Dc7a0905A0E576B860cc93EBBB,69000,0x02e21A25F0038fa5BDEe9c0b77aC0c1E84d3d6f0,1683,0xdbd300eba0f755bb06da769a4e1a84e4330068af,1,400000000000000,73340713,155222,4880528,1742895807,0xad334e59a1d498eec1fbe031ae91b70d605db4a6e18229ae15156df486cb5aad,NewSale
0xC0DEc165A5d6e6766Fbc35c977f89535899D0411,69597,0xbc2d6E7c81E7f35473b3594031FCC4c519fD24Ad,0,0xe53fefbd1ca8723490023cbaf6b13ed38dae5d95,1,298000000000000,74840000,142201,4880531,1742895813,0xff83fad3d90dbbab972193a85ff60ad57e4e35aa04ae378717bf9c00d18bbc60,NewSale
0x751558F4D5E6aC4D44894e701Ca468A2f98512De,68506,0xFC000E355ea1dC4A8B8e40B7A09d1fFf82596D7b,0,0x2220d8e08069c890941c4c92d5b3f5bfe212cad5,1,32000000000000000000,73300098,175739,4880533,1742895817,0x04b561b43d7a99cf952a5902e052993c21c7adbfaad8dddf3ee7d4311df1b198,NewSale
0x2065b7a05102C48A44CB985a1E1f466ac9cEE08C,69144,0xbc2d6E7c81E7f35473b3594031FCC4c519fD24Ad,0,0xa89b7df5086af472abe66ac78cbbfa9e6ed53bfa,1,300000000000000,72678249,140590,4880543,1742895837,0x9e37650c2a3467c3efd30c63e51258b9840b0f7d2293d096e932e94a27004aa1,NewSale
0xC0DEc165A5d6e6766Fbc35c977f89535899D0411,69597,0xbc2d6E7c81E7f35473b3594031FCC4c519fD24Ad,0,0xac92d49e83036aec37bb2b3ae6e264f202ba215e,1,298000000000000,72460462,142201,4880545,1742895841,0xad6187886f59cff2d65ce1ce274777361b9f246706c949cb84e43deb712bfe3e,NewSale
0xeF0Ef28b882d166B732d00A01Ea762B9CCd3FE44,69621,0xbc2d6E7c81E7f35473b3594031FCC4c519fD24Ad,1,0x63d76f139bce5a745f69a2b12918f6e570c84602,1,290000000000000,73010000,159301,4880553,1742895857,0x05864cf11b54be222d26b09805d6e32288b66cb7abc540c50a24635e7b1fe9ea,NewSale
0x5D5E9afE3E658422c875404e734aD6b5b6c36f68,68132,0xDfC21bE7cC791a5f03A95E836D385bBC6d7dF384,1225,0xf528a20d5d7267e3b32035ea7d213c1bb38edebc,1,400000000000000,71918792,155246,4880560,1742895871,0x90594e17263743e7e34b7075f12b6fbdc3a0cd0a2f925d7f5da9b383aa73872b,NewSale
0xeF0Ef28b882d166B732d00A01Ea762B9CCd3FE44,69621,0xbc2d6E7c81E7f35473b3594031FCC4c519fD24Ad,1,0x557cee07243d4e188535c857f20324baae270e3e,1,290000000000000,73010000,159301,4880565,1742895881,0xd903165ebdafcdd0b6d85b0db3cefa359207e0f9b89884870036cc9bd64e97ff,NewSale
0x41f07238C5096Eb7eb68c50FE8AE5AdDECBBF5C2,67199,0xbFCACb23F0B41EeEDFf7d04f52CE8f5125150806,0,0x2220d8e08069c890941c4c92d5b3f5bfe212cad5,1,500000000000000,71144100,164783,4880573,1742895897,0xfb1ffa95d9a90ea2fa5ea5a253a70de801d4c371676ac3d9b8637d143d5a16a7,NewSale
0x37a859258488385675C553355c6B13B773f16a79,69637,0xbc2d6E7c81E7f35473b3594031FCC4c519fD24Ad,0,0x794e6234659beb3ffb79e76487da426b872bcd1c,1,286000000000000,70570446,140590,4880580,1742895911,0xb1fc1abc38e4b7e5d44b492d54cbf3a3758836f123cbb9fae4e6b7fd5779523c,NewSale
0x5D5E9afE3E658422c875404e734aD6b5b6c36f68,68923,0xDfC21bE7cC791a5f03A95E836D385bBC6d7dF384,1273,0xb1a9182427fa79e81e9de68bc27c885dc24d12ca,1,400000000000000,71590000,155246,4880581,1742895913,0x03c6efa2f6a0a7b67f4ef384c046cd7764d2ca034fc8f16f5b69e1dc57b50dfd,NewSale
0x2065b7a05102C48A44CB985a1E1f466ac9cEE08C,69154,0xbc2d6E7c81E7f35473b3594031FCC4c519fD24Ad,0,0xac92d49e83036aec37bb2b3ae6e264f202ba215e,1,300000000000000,69686376,140590,4880600,1742895951,0x4d926b019bca70816ca7e86e397679a78a091288c88d8b05e2a80e1a1a9d00fa,NewSale
0xD749c66fec1b134184B1F7D5cea0c6e45c46E61b,69449,0xdc0F91C5a4D200FfC21658901c77c0fE1A14d199,0,0x259bb19d1e0b89735f7d5a04a859ede8b7fa9046,1,630000000000000,69271962,151794,4880616,1742895983,0xa71c57cf290b0439f939c74b35386583d3c756c0212bcc94294695ae6bee4e8e,NewSale
0xC0DEc165A5d6e6766Fbc35c977f89535899D0411,69597,0xbc2d6E7c81E7f35473b3594031FCC4c519fD24Ad,0,0x1c8915f70850873a03df2d6cdba71b226bcdfeb3,1,298000000000000,69305958,142201,4880618,1742895987,0xc3e6299a233cac55d62df5b9abf892b65a1a9318fd5ab9be0487c6dca8197b4b,NewSale
0xC0DEc165A5d6e6766Fbc35c977f89535899D0411,69597,0xbc2d6E7c81E7f35473b3594031FCC4c519fD24Ad,0,0xd6777ade44a621b122c0d1bcd888905f30467b9d,1,298000000000000,68585581,142201,4880626,1742896003,0xe34f5bf9fea13dc78492ee37822a521614aa98654fd73e24bc74fdb0f7708df3,NewSale
0xeF0Ef28b882d166B732d00A01Ea762B9CCd3FE44,69621,0xbc2d6E7c81E7f35473b3594031FCC4c519fD24Ad,1,0x3054e1986fe5faa920cfae137f711f66f82cde07,1,290000000000000,68687823,142201,4880641,1742896033,0xbaf51214a0ad09987e94a657c3cff2bab66575b7bb1fefac2d05372245daec1f,NewSale
0xe0c543446646c78bc13ACAfdf4650ab508279d29,68453,0xdc0F91C5a4D200FfC21658901c77c0fE1A14d199,0,0x3df5f20e76c8a1ee8bb8ae5e7174528a86b8734a,1,35000000000000000000,66618193,186930,4880668,1742896087,0x550f44d1e987ea7c28dd56f247917d44903645733d1798b4b9ee4bb96dcc7a35,NewSale
0xa6d17e2c790999aa1243A89D298bFF760a94b500,69640,0xbc2d6E7c81E7f35473b3594031FCC4c519fD24Ad,0,0xf528a20d5d7267e3b32035ea7d213c1bb38edebc,1,300000000000000,66445894,135790,4880674,1742896099,0xa265e4b4fa152f4b57f7b056f963d5a80b7c1a327e7bafaac4cc85e36cb147f1,NewSale
0xeF0Ef28b882d166B732d00A01Ea762B9CCd3FE44,69621,0xbc2d6E7c81E7f35473b3594031FCC4c519fD24Ad,1,0xa89b7df5086af472abe66ac78cbbfa9e6ed53bfa,1,290000000000000,65898898,159301,4880686,1742896123,0x5186c276ed1eaab12895e7245fe319f89db35336c48e44d003824efba6dc6db9,NewSale
0xC0DEc165A5d6e6766Fbc35c977f89535899D0411,69597,0xbc2d6E7c81E7f35473b3594031FCC4c519fD24Ad,0,0xb1a9182427fa79e81e9de68bc27c885dc24d12ca,1,298000000000000,66470000,142201,4880694,1742896139,0x9a77f44caa07f8e62fb4b3f5464adacbc4c4e645731e45c1bb52ffab2d431516,NewSale
0xE7389a2D3efdAA1ef330a4476f423c40Af362e39,68285,0x02217eCA9143695a4a7206761ecE241ecD598D51,11,0xfdc68b3c8f7d66f0e1745d5a31a1c6e925ed4e3b,1,77000000000000000000,66200000,210281,4880699,1742896149,0xcfb106f9bb56e630c63813f09260868ce9c37723963c163910a3e3fd2d3a2f49,NewSale
