listing_creator,listing_id,asset_contract,token_id,buyer,quantity_bought,total_price_paid,gas_price,gas_used,block_number,timestamp,transaction_hash,event_type
0x80fe121B69163E17bd4e9CC573652e29E48fa4ae,78666,0xbc2d6E7c81E7f35473b3594031FCC4c519fD24Ad,1,0xb7d3bd02b1d9d96680a631d9f60df1ca6ed853ad,1,19500000000000000000,40000000,182166,4982390,1743099531,0x027bbef540bb48a54cbcc5121c6a3e8347778b077a8b9503cad306ff5eeaf913,NewSale
0xB57115CDcCB3A2B5C19F69D4dca7858280C343e1,78901,0xbc2d6E7c81E7f35473b3594031FCC4c519fD24Ad,0,0x7f1d796a84f87446a9b2a020938203662024dd69,1,900000000000000,33148294,159301,4982410,1743099571,0x39310435114d468fe8765f8f4be8a3ffeac6de01d21c79482e123a5b05500e72,NewSale
0xd4d521c3F998F50B2e6b7c5a6988911cfbc3B627,78884,0xbc2d6E7c81E7f35473b3594031FCC4c519fD24Ad,1,0x3573f71c5604e038d3da3d8ec8c1a611ea56649a,1,200000000000000,33130000,157678,4982417,1743099585,0x7b5af07d86ef077e9bb8b9a30568f004b19781144e63bbbd7383af9f0c755706,NewSale
0x866FDb4BBCaF5f65275c83bc0E040ad68074776e,78894,0xbc2d6E7c81E7f35473b3594031FCC4c519fD24Ad,0,0x600be2cc233cdc2ca942e0fb5ef5a2106431b852,1,200000000000000,40068596,140578,4982450,1743099651,0xc71c1ee22b2b2904640616788b258cc2c7acc8504a915466203f22f58932f594,NewSale
0x866FDb4BBCaF5f65275c83bc0E040ad68074776e,78888,0xbc2d6E7c81E7f35473b3594031FCC4c519fD24Ad,0,0x3573f71c5604e038d3da3d8ec8c1a611ea56649a,1,200000000000000,33500000,140578,4982476,1743099703,0xf31a65edce52e34d3ff48163a9ebc85877bcc5ef76bb1aa934cb34b152e52f6d,NewSale
0x0E811d348533aa0802bF43c000b95E31682CC4bf,78912,0xbc2d6E7c81E7f35473b3594031FCC4c519fD24Ad,0,0x05916a13d15ec698ec86c1b2961bed296b3ba8ce,1,200000000000000,33510000,152878,4982481,1743099713,0x98feedb980819263d475dc7ba71a4c82ef22b4bd2e8150059cd0a2efcd2d62c8,NewSale
0x866FDb4BBCaF5f65275c83bc0E040ad68074776e,78895,0xbc2d6E7c81E7f35473b3594031FCC4c519fD24Ad,0,0x3573f71c5604e038d3da3d8ec8c1a611ea56649a,1,200000000000000,33490000,140578,4982499,1743099749,0xb9817cf66cd276b51b3906b5e7d619d4263873b4999aa6cf6b3e3efc9e253002,NewSale
0x80fe121B69163E17bd4e9CC573652e29E48fa4ae,76985,0xbc2d6E7c81E7f35473b3594031FCC4c519fD24Ad,0,0xb7d3bd02b1d9d96680a631d9f60df1ca6ed853ad,1,19800000000000000000,40000000,182166,4982504,1743099759,0x62daa4dad7a75300b60d3c2848416112638f6a6e2fd4f13f0590eae35e99dde5,NewSale
0x866FDb4BBCaF5f65275c83bc0E040ad68074776e,78889,0xbc2d6E7c81E7f35473b3594031FCC4c519fD24Ad,0,0x3573f71c5604e038d3da3d8ec8c1a611ea56649a,1,200000000000000,33260000,140578,4982514,1743099779,0x927e54d039c1c80071d1b896bc68086cf9b9c533e8d88082b7f478b19282735e,NewSale
0x8bE5BfDda515586d6Eca7168D47f4Fb3A56b81Cb,78911,0xbc2d6E7c81E7f35473b3594031FCC4c519fD24Ad,1,0x05916a13d15ec698ec86c1b2961bed296b3ba8ce,1,249000000000000,33400000,152878,4982524,1743099799,0x3ab8630d2c7db1057a39c8e2cdc21bb8a24b2273fbc25144e7a33bd0d2eddfc8,NewSale
0x866FDb4BBCaF5f65275c83bc0E040ad68074776e,78898,0xbc2d6E7c81E7f35473b3594031FCC4c519fD24Ad,0,0x80fe121b69163e17bd4e9cc573652e29e48fa4ae,1,200000000000000,33017642,140578,4982526,1743099803,0xe370964b9a2586e9269294cf2eafc98d9cd5b21c301ba24544c231149b7bd9bb,NewSale
0x866FDb4BBCaF5f65275c83bc0E040ad68074776e,78899,0xbc2d6E7c81E7f35473b3594031FCC4c519fD24Ad,0,0x80fe121b69163e17bd4e9cc573652e29e48fa4ae,1,200000000000000,32863406,135778,4982537,1743099825,0xc5686c3d0c9b41137f372e64719ab86717753da78d6cf1584e77d901a2921b64,NewSale
0xFa2c23C223A4ACa34c1EE0336146576a25fA899d,78851,0xbc2d6E7c81E7f35473b3594031FCC4c519fD24Ad,1,0xbedd909fab16fb3c91a8ab884753e34fb7cdc499,1,249900000000000,32713943,152878,4982546,1743099843,0xd64f12fef26777d2cf95b7b2b27b6e9acdf86f19e8dcff76220a4c55a635f8f1,NewSale
0xd4d521c3F998F50B2e6b7c5a6988911cfbc3B627,78897,0xbc2d6E7c81E7f35473b3594031FCC4c519fD24Ad,0,0x80fe121b69163e17bd4e9cc573652e29e48fa4ae,1,200000000000000,32606614,140578,4982547,1743099845,0x36155fa41c60061a48fb1ad528a661a85b9667cf1d515925e40956367653c994,NewSale
0xB57115CDcCB3A2B5C19F69D4dca7858280C343e1,78901,0xbc2d6E7c81E7f35473b3594031FCC4c519fD24Ad,0,0x7f1d796a84f87446a9b2a020938203662024dd69,1,900000000000000,32754944,142201,4982562,1743099875,0x5a20cec8c9e7a0553ce57cfa7ac6fa4d675f20094c379ef7c57bb526ceb3d4f1,NewSale
0xB57115CDcCB3A2B5C19F69D4dca7858280C343e1,78901,0xbc2d6E7c81E7f35473b3594031FCC4c519fD24Ad,0,0x7f1d796a84f87446a9b2a020938203662024dd69,1,900000000000000,32538234,135790,4982578,1743099907,0xbfde9b657ff290b418dcbecd99abc51b3f76756b1fc13e3bc56ec42fffdcf994,NewSale
0xd4d521c3F998F50B2e6b7c5a6988911cfbc3B627,78893,0xbc2d6E7c81E7f35473b3594031FCC4c519fD24Ad,1,0xb3c3b43cb46ef3c0dc3b5afe71eca5adbd6b084e,1,232500000000000,32880000,135778,4982590,1743099931,0x126c3b39e79c399300ac403d69e524a9abf2d4fe7d915246815d9ecea41a22d1,NewSale
0x05Cab5098a82EC717a100174b4225872bA297b8F,78926,0xbc2d6E7c81E7f35473b3594031FCC4c519fD24Ad,1,0x7f1d796a84f87446a9b2a020938203662024dd69,1,249000000000000,33057680,152878,4982610,1743099971,0x47ef4787884e1e1a879a4f4d20cedbc9994ed68d4ced45f0d8d6acc8b36c10c2,NewSale
0xC0DEc165A5d6e6766Fbc35c977f89535899D0411,77663,0xbc2d6E7c81E7f35473b3594031FCC4c519fD24Ad,0,0xb3c3b43cb46ef3c0dc3b5afe71eca5adbd6b084e,1,249999950000000,32960000,142201,4982610,1743099971,0x9084cc3b1614b448bd623291281a95694cb21945d52c00ece0ed5bf6f52b4865,NewSale
0xd4d521c3F998F50B2e6b7c5a6988911cfbc3B627,78891,0xbc2d6E7c81E7f35473b3594031FCC4c519fD24Ad,0,0xbd0bfa0cf5ccbbd99e20095c073adf1fc74270a1,1,235400000000000,64201797,135778,4982620,1743099991,0x14e351c30e355ab8db0a52dde46974d110f5e4414ff5e92653baa81709539856,NewSale
0x37b282B718Ce1eEdfC7F0ddB9574a09C5D6B63e9,78890,0xbc2d6E7c81E7f35473b3594031FCC4c519fD24Ad,1,0x6e9da7cbdd2dc85d19d076d1b85b2ec75b1820c2,1,249900000000000,32990000,152878,4982621,1743099993,0x4b96775a469028cc54013627dbf4b4e0ca113420a62a509b686c034579ec1676,NewSale
0x537ee88156182F780DBbeBa2F3d218ca6e556b56,78903,0xbc2d6E7c81E7f35473b3594031FCC4c519fD24Ad,1,0x91128e4d81e18e51f4d74b568f322360ffce263d,1,249000000000000,32900000,152878,4982636,1743100023,0x1dae4a1c9823d114b8961ff9174c6e12315d93c62b3213062672f44d617e3e8c,NewSale
0x1F74D89E82085625D4E2F0D108e7D17a7610654E,78923,0xbc2d6E7c81E7f35473b3594031FCC4c519fD24Ad,1,0xbd0bfa0cf5ccbbd99e20095c073adf1fc74270a1,1,249900000000000,64397360,152878,4982639,1743100029,0x79e002722c60d60b27ab9f11c54e8c57c89ffd121ea10e59e33d003bbce99a32,NewSale
0x953B7F8f38b133a65b0E8f41A0a3f0be17301247,78819,0xbc2d6E7c81E7f35473b3594031FCC4c519fD24Ad,1,0x1d25f3bd9f7acc8c0c09e6fdbcdd2cea08720e26,1,249000000000000,64743657,135778,4982652,1743100055,0xccd0483d7162ce72381edb8235920b7052b6efcd7a10225b8731797274672bce,NewSale
0x80fe121B69163E17bd4e9CC573652e29E48fa4ae,78669,0xbc2d6E7c81E7f35473b3594031FCC4c519fD24Ad,0,0xb7d3bd02b1d9d96680a631d9f60df1ca6ed853ad,1,19900000000000000000,40000000,165054,4982670,1743100091,0x8b3c53918efcd403f86be9113414196e3991c26497d367a048184d690773811c,NewSale
0x3E4aEBaF82d0202B6e2902aE590c4f08a82D26Ee,78531,0xbc2d6E7c81E7f35473b3594031FCC4c519fD24Ad,1,0xbd0bfa0cf5ccbbd99e20095c073adf1fc74270a1,1,280000000000000,33208392,135778,4982689,1743100129,0x626afa88f53640397988a6e25b8fe0c67ee623e7b1c440458c0818c70e1663c9,NewSale
0x327dBd8F6B99BE7c62875405a679654FEdC170D1,78883,0xdc0F91C5a4D200FfC21658901c77c0fE1A14d199,0,0xeb28de0c0649becc1c7ac47255c9eaa80cca11d6,1,610000000000000,33250738,145383,4982700,1743100151,0x68f15366bec19c6d94344255c8f1c2e614d65699f7a45126c0e1199fa90cc637,NewSale
0xf4839aEC00c490370DC6bcB63838b1aBF8aB3235,78840,0xbc2d6E7c81E7f35473b3594031FCC4c519fD24Ad,1,0x0744fa2536b01a047a1b1e725aff0eb2836ace7c,1,249000000000000,33265468,152878,4982701,1743100153,0x1ea00495ff79287f00da159bc6ad023397bef2b49de897ed13481984bc567133,NewSale
0x80fe121B69163E17bd4e9CC573652e29E48fa4ae,78925,0xbc2d6E7c81E7f35473b3594031FCC4c519fD24Ad,0,0xae3ed39da68fcc1dcf0a3fce7f049198eaa962ee,1,19000000000000000000,33346746,182166,4982713,1743100177,0xc9a99ce09e4993600bcadab24f3f3db0426691014cc84e1dde993ee7ff51bca7,NewSale
0x80fe121B69163E17bd4e9CC573652e29E48fa4ae,78925,0xbc2d6E7c81E7f35473b3594031FCC4c519fD24Ad,0,0x7f1d796a84f87446a9b2a020938203662024dd69,1,19000000000000000000,33676269,165066,4982714,1743100179,0xf4db3c1aec6f5ce201357974f802915ec9f8b21d852da115890f343f7506fbce,NewSale
0x6aA0698f7308d1b5557caed27638a1788b7575dA,78892,0xbc2d6E7c81E7f35473b3594031FCC4c519fD24Ad,1,0xbd0bfa0cf5ccbbd99e20095c073adf1fc74270a1,1,249000000000000,33573177,135778,4982718,1743100187,0xda356177131684c8319db0d48bf99bce452762e874685508d29b4874e3ee2f78,NewSale
0x80fe121B69163E17bd4e9CC573652e29E48fa4ae,78925,0xbc2d6E7c81E7f35473b3594031FCC4c519fD24Ad,0,0xae3ed39da68fcc1dcf0a3fce7f049198eaa962ee,1,19000000000000000000,33573177,165066,4982723,1743100197,0x912526a5f14ac0cda9df72ff791fd81f9a0a24577c9f99c99d33d603fdac33a0,NewSale
0x0717691e40740299d9F6535C0A7BEb1Bf57Ed0fA,78866,0xbc2d6E7c81E7f35473b3594031FCC4c519fD24Ad,1,0x1d25f3bd9f7acc8c0c09e6fdbcdd2cea08720e26,1,249000000000000,33372386,135778,4982724,1743100199,0xc8a627bfa2e8daaad622dfd3ed0b5aff7be342a24e8cd4d9b9e973703b96f1f2,NewSale
0xA76483C1bc810fc7aD129AF869439cF05C0b3004,78935,0xbc2d6E7c81E7f35473b3594031FCC4c519fD24Ad,1,0x05916a13d15ec698ec86c1b2961bed296b3ba8ce,1,240000000000000,33550000,135766,4982726,1743100203,0x8c67687e87d31ea98ed03ed6e56ce69b6f0faa9b54652cdae65a61cd1ec7eaa9,NewSale
0x80fe121B69163E17bd4e9CC573652e29E48fa4ae,78925,0xbc2d6E7c81E7f35473b3594031FCC4c519fD24Ad,0,0x7f1d796a84f87446a9b2a020938203662024dd69,1,19000000000000000000,33542092,165066,4982730,1743100211,0x957497cb680c8b9a412169b9189ea8a07e4b792612900621eb73753dd7362559,NewSale
0x80fe121B69163E17bd4e9CC573652e29E48fa4ae,78925,0xbc2d6E7c81E7f35473b3594031FCC4c519fD24Ad,0,0xae3ed39da68fcc1dcf0a3fce7f049198eaa962ee,1,19000000000000000000,33442092,165066,4982735,1743100221,0xa2904e0c8824d8486036b1540bea55b564cf4586414f653f64231dff2ecea86f,NewSale
0xff8c7552d11f8CB68e80eD3bE0E3D1a36AB533fb,78930,0xbc2d6E7c81E7f35473b3594031FCC4c519fD24Ad,1,0xbd0bfa0cf5ccbbd99e20095c073adf1fc74270a1,1,249000000000000,33534342,135778,4982736,1743100223,0xe5d3f2936c18c01291485beb82c6892ae8921ffac0c4041f3803b74b97240a7b,NewSale
0x80fe121B69163E17bd4e9CC573652e29E48fa4ae,78925,0xbc2d6E7c81E7f35473b3594031FCC4c519fD24Ad,0,0xae3ed39da68fcc1dcf0a3fce7f049198eaa962ee,1,19000000000000000000,33409533,160266,4982746,1743100243,0xd6fc7b5c4b2d36776cba81dde07c8f85071a46825696754acc87268e222d372c,NewSale
0xC0DEc165A5d6e6766Fbc35c977f89535899D0411,74893,0xbc2d6E7c81E7f35473b3594031FCC4c519fD24Ad,0,0xa9c305522abf3b797d21967c5ce2d12a2cd44c52,1,249999990000000,33480000,142201,4982750,1743100251,0xc0044c0b23f01ec7f77a741c26782e942faf49f3266f65d72a4b10627c55ce43,NewSale
0xA76483C1bc810fc7aD129AF869439cF05C0b3004,78937,0xbc2d6E7c81E7f35473b3594031FCC4c519fD24Ad,0,0x0744fa2536b01a047a1b1e725aff0eb2836ace7c,1,240000000000000,33477783,157666,4982753,1743100257,0x70de70fb63709fe800166698c1bc637fa161133a3883c19e97402a2d5e9a8983,NewSale
0x05916A13d15EC698Ec86C1b2961bed296B3Ba8cE,78933,0xbc2d6E7c81E7f35473b3594031FCC4c519fD24Ad,1,0x6e9da7cbdd2dc85d19d076d1b85b2ec75b1820c2,1,300000000000000,33480000,140590,4982754,1743100259,0xb5b216291589c6479ab5db49e6aa5f69893099b91f6f523d34c80365e20d6a80,NewSale
0x80fe121B69163E17bd4e9CC573652e29E48fa4ae,78925,0xbc2d6E7c81E7f35473b3594031FCC4c519fD24Ad,0,0x7f1d796a84f87446a9b2a020938203662024dd69,1,19000000000000000000,33669476,165066,4982762,1743100275,0x95f358f8cd170f9ed9c9afd14d91d588abce50c72278ce46aed003ec531e082b,NewSale
0xc0aBE6e045B137F58231ddFe6176b221D3516CAd,78858,0xbc2d6E7c81E7f35473b3594031FCC4c519fD24Ad,1,0xbd0bfa0cf5ccbbd99e20095c073adf1fc74270a1,1,249900000000000,66103428,135778,4982763,1743100277,0xefec6517424e3bbaf0a4110d624de0ced206f629a6d5f3e9e8cc824fae079dc0,NewSale
0x80fe121B69163E17bd4e9CC573652e29E48fa4ae,78925,0xbc2d6E7c81E7f35473b3594031FCC4c519fD24Ad,0,0xae3ed39da68fcc1dcf0a3fce7f049198eaa962ee,1,19000000000000000000,33543940,165066,4982774,1743100299,0x33474f5db065290ceff158313331f2b0fd7a78500502697cd5c87bb60c34e47c,NewSale
0x80fe121B69163E17bd4e9CC573652e29E48fa4ae,78925,0xbc2d6E7c81E7f35473b3594031FCC4c519fD24Ad,0,0xae3ed39da68fcc1dcf0a3fce7f049198eaa962ee,1,19000000000000000000,33522961,165066,4982783,1743100317,0x11ce26e452af374ca619013c6a37d87f6c529c9b208e2b36172d970bff15a621,NewSale
0xAB7a53D2177a0F0E118857B050F5F17e9aDdbBd2,78921,0xbc2d6E7c81E7f35473b3594031FCC4c519fD24Ad,1,0x05916a13d15ec698ec86c1b2961bed296b3ba8ce,1,249000000000000,33660000,135778,4982784,1743100319,0xf3489502f4711ec7f1c94677a47d7f30f215068ac573947bbc80be00a34edc7b,NewSale
0xA76483C1bc810fc7aD129AF869439cF05C0b3004,78940,0xbc2d6E7c81E7f35473b3594031FCC4c519fD24Ad,0,0xbd0bfa0cf5ccbbd99e20095c073adf1fc74270a1,1,200000000000000,52449756,140578,4982787,1743100325,0xe72767d84954a12c500dd4b3e6b47c1875fabc2137386ac15222b6c14272e1fa,NewSale
0x80fe121B69163E17bd4e9CC573652e29E48fa4ae,78666,0xbc2d6E7c81E7f35473b3594031FCC4c519fD24Ad,1,0xb7d3bd02b1d9d96680a631d9f60df1ca6ed853ad,1,19500000000000000000,40000000,165066,4982788,1743100327,0xcb36adc78a7f73bd0c6e12d1a9b2babf7330beac1f8da5c8126df1e25affee87,NewSale
0x80fe121B69163E17bd4e9CC573652e29E48fa4ae,78925,0xbc2d6E7c81E7f35473b3594031FCC4c519fD24Ad,0,0xae3ed39da68fcc1dcf0a3fce7f049198eaa962ee,1,19000000000000000000,33341446,163455,4982797,1743100345,0x02bf0cc9faa1111745d02848294d66e407c28d77b2c9cbd0008e84c994e96331,NewSale
0x221F2c4227EeA178fB3537E31ed98B2b187b3315,78906,0xbc2d6E7c81E7f35473b3594031FCC4c519fD24Ad,1,0xbd0bfa0cf5ccbbd99e20095c073adf1fc74270a1,1,249900000000000,37626500,135778,4982803,1743100357,0x90fddd6012bb92307058ba77f0d8e7e9f010105fb679bad7ac05029dec1aa20f,NewSale
0xdaeeB315eF12cA59065FA380F712612623c712d9,78938,0xbc2d6E7c81E7f35473b3594031FCC4c519fD24Ad,1,0x05916a13d15ec698ec86c1b2961bed296b3ba8ce,1,249900000000000,33730000,135778,4982820,1743100391,0xc8e10cb51e348944ded80c1ce73be27f8bc3621d4b50d42cbdeff7ecfd8ddd1b,NewSale
0x9475579dA29540224Cb559a1223A5D348F94793D,78877,0xbc2d6E7c81E7f35473b3594031FCC4c519fD24Ad,0,0xbd0bfa0cf5ccbbd99e20095c073adf1fc74270a1,1,256000000000000,66117778,135766,4982830,1743100411,0x51e17862a2aab52453251fdcb7c4303943b96d0bbb8e7c439eaa74fb2e32aabe,NewSale
0x80fe121B69163E17bd4e9CC573652e29E48fa4ae,76985,0xbc2d6E7c81E7f35473b3594031FCC4c519fD24Ad,0,0xae3ed39da68fcc1dcf0a3fce7f049198eaa962ee,1,19800000000000000000,33917664,165066,4982838,1743100427,0xb014537846f10dd3bd02b256b3e54b84731b96e9b45353c079f35bec970915b1,NewSale
0x87db6Eb4321133A5856Ff9764430d80c0ea8f2Ff,78909,0xbc2d6E7c81E7f35473b3594031FCC4c519fD24Ad,0,0x0e811d348533aa0802bf43c000b95e31682cc4bf,1,2000000,34157839,202474,4982863,1743100477,0x9aa23ebf6769695ed5408fc65aea2fefaf23b3d4e0c4983bc8d465e305602576,NewSale
0xA76483C1bc810fc7aD129AF869439cF05C0b3004,78945,0xbc2d6E7c81E7f35473b3594031FCC4c519fD24Ad,0,0xff84448ea8206a51295934a5c50da8b38992621e,1,200000000000000,34290000,157678,4982871,1743100493,0x20efff299b650f972a65279016c2a95667de0528988bae81e12a031f5c4b73a6,NewSale
0xA76483C1bc810fc7aD129AF869439cF05C0b3004,78944,0xbc2d6E7c81E7f35473b3594031FCC4c519fD24Ad,0,0x05916a13d15ec698ec86c1b2961bed296b3ba8ce,1,200000000000000,34290000,140578,4982874,1743100499,0xa73fa59f529360ef93ae0f78730895cf6b215c8454e873c9d43a681912918489,NewSale
0xA76483C1bc810fc7aD129AF869439cF05C0b3004,78941,0xbc2d6E7c81E7f35473b3594031FCC4c519fD24Ad,0,0x7f1d796a84f87446a9b2a020938203662024dd69,1,200000000000000,34635497,140578,4982877,1743100505,0x29478fdf81efa993e7eb5fee212c718c652df8d4de6f5f2ceaa11446fb3889ca,NewSale
0x80fe121B69163E17bd4e9CC573652e29E48fa4ae,76985,0xbc2d6E7c81E7f35473b3594031FCC4c519fD24Ad,0,0xb7d3bd02b1d9d96680a631d9f60df1ca6ed853ad,1,19800000000000000000,40000000,165066,4982891,1743100533,0xf8c2eacaee0eb0aa19712801ed188788967a0b94d32ea7b11c422789307952da,NewSale
0xA76483C1bc810fc7aD129AF869439cF05C0b3004,78943,0xbc2d6E7c81E7f35473b3594031FCC4c519fD24Ad,0,0x0744fa2536b01a047a1b1e725aff0eb2836ace7c,1,200000000000000,35509753,135778,4982905,1743100561,0xe6b3b307105b8012221f1b8adb077e460af64475aff36e8f8a95c0d9ffec543e,NewSale
0xa1550055ABe4e804820a89320fE59d92232d5A66,78880,0xbc2d6E7c81E7f35473b3594031FCC4c519fD24Ad,1,0xff84448ea8206a51295934a5c50da8b38992621e,1,249000000000000,35210000,152878,4982922,1743100595,0xe0d9da26c1f8bf77c632916cb81371bee570516ba12d1d65dffd2d37d065ce52,NewSale
0xeF0Ef28b882d166B732d00A01Ea762B9CCd3FE44,78947,0xbc2d6E7c81E7f35473b3594031FCC4c519fD24Ad,1,0x0744fa2536b01a047a1b1e725aff0eb2836ace7c,1,240000000000000,41850785,142177,4982933,1743100617,0x27d69524f86b3bfae02015b9dc87c3f9734380ef79d318ae19d1a35b13362419,NewSale
0x05916A13d15EC698Ec86C1b2961bed296B3Ba8cE,78952,0xbc2d6E7c81E7f35473b3594031FCC4c519fD24Ad,1,0x80fe121b69163e17bd4e9cc573652e29e48fa4ae,1,200000000000000,35044183,140578,4982959,1743100669,0xb7c5c96ef14c8181c9d4e89792d63661e797a8358cdbdaaf7f2afcdaa4670d1f,NewSale
0xC52b1B99EB4560b0fbc00AFE6C72e368EA5Beb18,78918,0xbc2d6E7c81E7f35473b3594031FCC4c519fD24Ad,1,0x6e9da7cbdd2dc85d19d076d1b85b2ec75b1820c2,1,249900000000000,69123375,135778,4982991,1743100733,0xba7c385d6c62caacec5a43dbdee96c7439aa718204ef455c7a18c8068857be69,NewSale
0xeF0Ef28b882d166B732d00A01Ea762B9CCd3FE44,78947,0xbc2d6E7c81E7f35473b3594031FCC4c519fD24Ad,1,0x0744fa2536b01a047a1b1e725aff0eb2836ace7c,1,240000000000000,69007106,142177,4982991,1743100733,0x2134bebcd428363f05b806a1b8ed254935548c2e159fba6a5d71972f1f99e0b1,NewSale
0x9E3A7811113245eCe16A97b8fF40f69a673A7890,78946,0xbc2d6E7c81E7f35473b3594031FCC4c519fD24Ad,1,0xb66f890f5132527a5c1c9ad2a8ee248025009a9d,1,249900000000000,35280000,152866,4983002,1743100755,0xda87f9f2648c32337b6874c6ce1d193b1710cf51ccd7acf6c25628c65297f187,NewSale
0x1dD7a220b71bcab023d80c04e4A024E98ACac87e,78954,0xbc2d6E7c81E7f35473b3594031FCC4c519fD24Ad,1,0x8cf5fd44205949b5790149a0d81ef2bc132901a2,1,249900000000000,68810450,152878,4983011,1743100773,0x4afbc7736a2a4f5174ef2f9912104e018c1b8f40c12444000170b15fe885d766,NewSale
0xC0DEc165A5d6e6766Fbc35c977f89535899D0411,77661,0xbc2d6E7c81E7f35473b3594031FCC4c519fD24Ad,0,0xff84448ea8206a51295934a5c50da8b38992621e,1,249999970000000,35050000,142201,4983019,1743100789,0x7beca8ebcc21d96dad3094ef26e3cf2b4d67565ffb890d80bc2b9d879899d076,NewSale
0x1d25f3Bd9f7acc8C0C09e6fdBCdD2cEa08720E26,78963,0xbc2d6E7c81E7f35473b3594031FCC4c519fD24Ad,0,0x80fe121b69163e17bd4e9cc573652e29e48fa4ae,1,200000000000000,34720487,140578,4983029,1743100809,0x02b04830fa07f752a5542210fd129b63aade851cab57e185d6e66d0e167dd7f1,NewSale
0xeF0Ef28b882d166B732d00A01Ea762B9CCd3FE44,78947,0xbc2d6E7c81E7f35473b3594031FCC4c519fD24Ad,1,0x0744fa2536b01a047a1b1e725aff0eb2836ace7c,1,240000000000000,68258859,142177,4983037,1743100825,0x1f62ca1513443ea7d9818b2515784da7d3ebb9825f78f6a2cd0305d7ec3bc739,NewSale
0x16244F010A06c191515E0174caeA00710216D32c,78950,0xdc0F91C5a4D200FfC21658901c77c0fE1A14d199,0,0x00000bec592ec7c143c73dc85804962075827ecc,1,600000000000000,68242825,150159,4983045,1743100841,0x03b1d349d91e8596577b3bafd8d65182efb236c8b28fe15048bb303a376bf517,NewSale
0x8851bB3fCe3122b6c33CD92195a1FA06C2B19F07,78828,0xbc2d6E7c81E7f35473b3594031FCC4c519fD24Ad,1,0xff84448ea8206a51295934a5c50da8b38992621e,1,260000000000000,34730000,140578,4983047,1743100845,0xb1c2d89927fa17fb11b94c4536d126777cb95a8e2e08e7fe02a43aa6218e3954,NewSale
0x80fe121B69163E17bd4e9CC573652e29E48fa4ae,76985,0xbc2d6E7c81E7f35473b3594031FCC4c519fD24Ad,0,0xae3ed39da68fcc1dcf0a3fce7f049198eaa962ee,1,19800000000000000000,34618599,165066,4983052,1743100855,0xdcda8dd7f9d292f80a3c560cdfcf5c6fc3be49d7f94b94c2c5451ac0b1ff036c,NewSale
0x80fe121B69163E17bd4e9CC573652e29E48fa4ae,76985,0xbc2d6E7c81E7f35473b3594031FCC4c519fD24Ad,0,0xae3ed39da68fcc1dcf0a3fce7f049198eaa962ee,1,19800000000000000000,34804420,165066,4983064,1743100879,0x3da5de5faa141e941508ab83be33945a9e46b80f2c40af7de11052db5bac4915,NewSale
0xBD0bFA0Cf5cCbbD99e20095C073adF1Fc74270a1,78964,0xbc2d6E7c81E7f35473b3594031FCC4c519fD24Ad,0,0x0744fa2536b01a047a1b1e725aff0eb2836ace7c,1,230000000000000,68354241,140578,4983081,1743100913,0xb859b6c86863d7c51d780d5b0ec5c4357171da93e5487990c0929e52b2bd1d9f,NewSale
0xf8F9917d8e3Dd9FDCA039494b2deaA859286a269,78958,0xbc2d6E7c81E7f35473b3594031FCC4c519fD24Ad,1,0x3975530781db64a9f77fefaf5f459f6d59e986f6,1,249000000000000,34706811,135778,4983107,1743100965,0x153c96033ba7893d3133906148d06e2569b81ba0f2c3d79a5ad73dae7ddac6bf,NewSale
0x05916A13d15EC698Ec86C1b2961bed296B3Ba8cE,78931,0xbc2d6E7c81E7f35473b3594031FCC4c519fD24Ad,0,0x7f1d796a84f87446a9b2a020938203662024dd69,1,300000000000000,34757131,140590,4983108,1743100967,0x5fb4364c8abdbfae81758688b59aac0db56f4f6c3ae82d427e3c1a39ebcf5129,NewSale
0xC0DEc165A5d6e6766Fbc35c977f89535899D0411,74893,0xbc2d6E7c81E7f35473b3594031FCC4c519fD24Ad,0,0xff84448ea8206a51295934a5c50da8b38992621e,1,249999990000000,34760000,142201,4983123,1743100997,0xebbce7aa4e38ed8c56d7e020b1aa09b753945b75120451af7423c90ae916574b,NewSale
0xBD0bFA0Cf5cCbbD99e20095C073adF1Fc74270a1,78965,0xbc2d6E7c81E7f35473b3594031FCC4c519fD24Ad,1,0x0744fa2536b01a047a1b1e725aff0eb2836ace7c,1,230000000000000,68464521,140578,4983125,1743101001,0xf42c95aa307e63ca842e2ad84a78d4219760f26a8540b31efb5c7a11aaf9c89c,NewSale
0xae3eD39da68fcC1dCF0a3fCe7F049198EAA962eE,78970,0xbc2d6E7c81E7f35473b3594031FCC4c519fD24Ad,0,0x80fe121b69163e17bd4e9cc573652e29e48fa4ae,1,19800000000000000000,34780146,165066,4983131,1743101013,0x9733bcaef85974ae4282914448000fd407202aad22be179fdc38238861729ae1,NewSale
0xae3eD39da68fcC1dCF0a3fCe7F049198EAA962eE,78970,0xbc2d6E7c81E7f35473b3594031FCC4c519fD24Ad,0,0x80fe121b69163e17bd4e9cc573652e29e48fa4ae,1,19800000000000000000,34728491,165066,4983143,1743101037,0xfe6297fb5726dc9571b1ef72296703e424d7325371ceba763967c352716dc75c,NewSale
0xbc9e5e5C5044aD52C5e8BCa1B810FC5570c55fD3,59192,0x3C64026f79C997E422d84ACf7c318C28c73DDAaA,15,0x680c1d7105040a7d8a9c5678ac025d826b2c39c0,1,42000000000000000000,34808142,186918,4983152,1743101055,0xc245d590bcd7c77261ce62085ee05fef47683b94b7e3849c5ef6a1cbfd2cf8b1,NewSale
0xae3eD39da68fcC1dCF0a3fCe7F049198EAA962eE,78970,0xbc2d6E7c81E7f35473b3594031FCC4c519fD24Ad,0,0x80fe121b69163e17bd4e9cc573652e29e48fa4ae,1,19800000000000000000,34708142,160266,4983152,1743101055,0xa6c36e5b26b142bba77218daf8ed42c7e3cda1d67244d243eebd53c19050b25b,NewSale
0xF0E4c8462E5DCFD282E3Dc63EBACf7a9369575F0,78936,0xF4527A094c80C7eD9039Ed485d1AAb914b074A49,0,0x7f1d796a84f87446a9b2a020938203662024dd69,1,800000000000000,34925255,162471,4983167,1743101085,0xf8dc3ccf512e91f62f2d2a737292eb06a6706065903cc04e98b2fa4b1a2180f4,NewSale
0xae3eD39da68fcC1dCF0a3fCe7F049198EAA962eE,78970,0xbc2d6E7c81E7f35473b3594031FCC4c519fD24Ad,0,0x80fe121b69163e17bd4e9cc573652e29e48fa4ae,1,19800000000000000000,34759095,165066,4983169,1743101089,0xd93a916fc4913cff9078bdd4da0fd264bc12e6bff50348288684c0a688e11934,NewSale
0xae3eD39da68fcC1dCF0a3fCe7F049198EAA962eE,78970,0xbc2d6E7c81E7f35473b3594031FCC4c519fD24Ad,0,0x80fe121b69163e17bd4e9cc573652e29e48fa4ae,1,19800000000000000000,34782840,165066,4983179,1743101109,0x5f8f62e0363f9d2e9f08ed27b46693a99c1745ccaf5420b06daec20232d4d11a,NewSale
0xbAa9672503be4067CCc6eBB08BEe52af3e0b3b4C,78966,0x2Bf46D4497e98FbA2304B0d2453922FFf559Ea02,75,0x7f1d796a84f87446a9b2a020938203662024dd69,1,770000000000000,34965158,164783,4983189,1743101129,0x156b2e5be771801f204cb86c7c1bec609b269033f30c376ae315fe77fb76ba0c,NewSale
0xae3eD39da68fcC1dCF0a3fCe7F049198EAA962eE,78970,0xbc2d6E7c81E7f35473b3594031FCC4c519fD24Ad,0,0x80fe121b69163e17bd4e9cc573652e29e48fa4ae,1,19800000000000000000,34865158,165066,4983189,1743101129,0xd8ba824b0168c5e29c2dc681b2e4297c5f9d21e3977a5ba8f14ad1052b60cc5e,NewSale
0xbc9e5e5C5044aD52C5e8BCa1B810FC5570c55fD3,65725,0x3C64026f79C997E422d84ACf7c318C28c73DDAaA,32,0x680c1d7105040a7d8a9c5678ac025d826b2c39c0,1,42000000000000000000,34895330,186918,4983195,1743101141,0xf24769e6d45aaf251791b7bcb40fd97d32bf3e2475d1065b50112fb9d1e0248a,NewSale
0xae3eD39da68fcC1dCF0a3fCe7F049198EAA962eE,78970,0xbc2d6E7c81E7f35473b3594031FCC4c519fD24Ad,0,0x80fe121b69163e17bd4e9cc573652e29e48fa4ae,1,19800000000000000000,34752494,165066,4983198,1743101147,0x0e0a447241c28b6c9df5eb012fc9955d8019545b6ea8f1088e5e410a39ea90f2,NewSale
0x7E287CA7928A092C549De8565c51ACbe7F33a90c,78857,0x897d1cBBeDC44c8371672e8cA72555b5194D6D86,0,0xb040ee3ad89eb3cc8a2c2001d615f7bacc5f64f9,1,599000000000000,68245601,167299,4983204,1743101159,0xeccb93cd649106996dd0a31c636189eb99ce7bd8178f930d96285c14fff3486f,NewSale
0xae3eD39da68fcC1dCF0a3fCe7F049198EAA962eE,78970,0xbc2d6E7c81E7f35473b3594031FCC4c519fD24Ad,0,0x80fe121b69163e17bd4e9cc573652e29e48fa4ae,1,19800000000000000000,34695061,160266,4983208,1743101167,0x5ebe4d6f98c6d98a5fd9bf20e1ab0fe16e9d9dd37ec91735c3d0fef993e9b33e,NewSale
0xFF84448eA8206A51295934A5C50dA8B38992621E,78972,0xbc2d6E7c81E7f35473b3594031FCC4c519fD24Ad,1,0x36f50c8c7e5c8c59abe5e5d1202b3ea4a7c859ef,1,290000000000000,34850000,157690,4983211,1743101173,0x35726506e84e61f2502a343818f201fa9e65ffbf06570dd0bacea8a895499fcb,NewSale
0xeF0Ef28b882d166B732d00A01Ea762B9CCd3FE44,78947,0xbc2d6E7c81E7f35473b3594031FCC4c519fD24Ad,1,0xe5c9247628c311db31981eb836685707f2f92388,1,240000000000000,34704887,159277,4983220,1743101191,0x95986bdac547148d756faaf7c9e6117ceebc595b2bcd4f9499daf6f1f80adb1d,NewSale
0xeF0Ef28b882d166B732d00A01Ea762B9CCd3FE44,78947,0xbc2d6E7c81E7f35473b3594031FCC4c519fD24Ad,1,0x0744fa2536b01a047a1b1e725aff0eb2836ace7c,1,240000000000000,35122072,142177,4983230,1743101211,0xe0e169bce13a5ca9616e3564b57c4001c52e913f5828901a5da9bb2966089294,NewSale
0xae3eD39da68fcC1dCF0a3fCe7F049198EAA962eE,78970,0xbc2d6E7c81E7f35473b3594031FCC4c519fD24Ad,0,0x80fe121b69163e17bd4e9cc573652e29e48fa4ae,1,19800000000000000000,34622072,165066,4983230,1743101211,0x9619d69388353f73d65d3c42052446015d507fe163e6502abfbf3517460091ad,NewSale
0xbc9e5e5C5044aD52C5e8BCa1B810FC5570c55fD3,68882,0x3C64026f79C997E422d84ACf7c318C28c73DDAaA,27,0x680c1d7105040a7d8a9c5678ac025d826b2c39c0,1,42000000000000000000,34716645,186930,4983234,1743101219,0xdc7807dc57fb493c8c297ab6f3194981aa2f7bf2ba5965b44efedd31c92f58f2,NewSale
0x3573f71C5604E038d3dA3D8Ec8C1A611EA56649a,78976,0xbc2d6E7c81E7f35473b3594031FCC4c519fD24Ad,0,0x7f1d796a84f87446a9b2a020938203662024dd69,1,140000000000000,34739640,140578,4983239,1743101229,0x03ce4fe86bd00c4e14e5e31d655f9d052ee1dd73f8654f94999d4a9a91f53f8e,NewSale
0xae3eD39da68fcC1dCF0a3fCe7F049198EAA962eE,78970,0xbc2d6E7c81E7f35473b3594031FCC4c519fD24Ad,0,0x80fe121b69163e17bd4e9cc573652e29e48fa4ae,1,19800000000000000000,34615823,158655,4983240,1743101231,0xb83fc322d83a312aa6b667e61b196fc90c4b3c7262f86873e4b133391972c4c3,NewSale
0x05916A13d15EC698Ec86C1b2961bed296B3Ba8cE,78948,0xbc2d6E7c81E7f35473b3594031FCC4c519fD24Ad,0,0x8cf5fd44205949b5790149a0d81ef2bc132901a2,1,300000000000000,68198413,152890,4983243,1743101237,0x0cbfb01611e1b80184d3abe1237c04def2e618a17269e958e4ba217682d706a0,NewSale
0xE4f4BaEd82d30f2244fE1722aeda37dEF4B38Ddc,78032,0xdc0F91C5a4D200FfC21658901c77c0fE1A14d199,0,0x208740609cdcf22b76a35071189dcd5b5cb78d09,1,639000000000000,68218636,150183,4983245,1743101241,0x00ea01a61ed0e8b3419ee5148a724bdf056b260f338da0ca2ab7db177240f59e,NewSale
0x3573f71C5604E038d3dA3D8Ec8C1A611EA56649a,78979,0xbc2d6E7c81E7f35473b3594031FCC4c519fD24Ad,0,0x80fe121b69163e17bd4e9cc573652e29e48fa4ae,1,140000000000000,34496722,140578,4983260,1743101271,0x8f9c72f645759403c9a03362e23c2ced35a657d6ddea794bc76b907f3910aced,NewSale
0x1d25f3Bd9f7acc8C0C09e6fdBCdD2cEa08720E26,78962,0xbc2d6E7c81E7f35473b3594031FCC4c519fD24Ad,0,0x36f50c8c7e5c8c59abe5e5d1202b3ea4a7c859ef,1,400000000000000,34600000,140578,4983273,1743101297,0x87f276b6f31eba09ae77b47a2a865c94447b7a5130f54cfe0837f26ff062bc57,NewSale
0xeF0Ef28b882d166B732d00A01Ea762B9CCd3FE44,78947,0xbc2d6E7c81E7f35473b3594031FCC4c519fD24Ad,1,0x963e1b23e90ff15cb63cf79676da6e8a25647dbb,1,240000000000000,34191026,142177,4983280,1743101311,0xd0b1ecbea005afcb49dbdcbdca8ad27d8c3654778a2615adbb17086e45f0222a,NewSale
0x732773258E9Af476C28D4c010640Bf93D9BC818e,53517,0x3C64026f79C997E422d84ACf7c318C28c73DDAaA,8,0x680c1d7105040a7d8a9c5678ac025d826b2c39c0,1,60000000000000000000,34102056,186918,4983294,1743101339,0xf15cd3272a8bda074c4619813d7309f406b7e2be8931c441dbb09f311221962a,NewSale
0xeF0Ef28b882d166B732d00A01Ea762B9CCd3FE44,78947,0xbc2d6E7c81E7f35473b3594031FCC4c519fD24Ad,1,0x0744fa2536b01a047a1b1e725aff0eb2836ace7c,1,240000000000000,67084352,142177,4983297,1743101345,0xb21f738173cea01f4fad283ed638e58cb17119480121adb51bdafff0890d303c,NewSale
0xC0DEc165A5d6e6766Fbc35c977f89535899D0411,77663,0xbc2d6E7c81E7f35473b3594031FCC4c519fD24Ad,0,0x963e1b23e90ff15cb63cf79676da6e8a25647dbb,1,249999950000000,34150627,142201,4983299,1743101349,0x1301a1df81bdb5a604d6cc9019995be30aed85f16ff0a76bced3d12ea0edda2a,NewSale
0xeF0Ef28b882d166B732d00A01Ea762B9CCd3FE44,78947,0xbc2d6E7c81E7f35473b3594031FCC4c519fD24Ad,1,0x963e1b23e90ff15cb63cf79676da6e8a25647dbb,1,240000000000000,33677200,142177,4983334,1743101419,0x911dd8934fe26ff187a64e25ed0b0fbf0a3ae98083384019ff6e90bfcdd5fdb7,NewSale
0x3573f71C5604E038d3dA3D8Ec8C1A611EA56649a,78988,0xbc2d6E7c81E7f35473b3594031FCC4c519fD24Ad,0,0x963e1b23e90ff15cb63cf79676da6e8a25647dbb,1,140000000000000,33439069,140578,4983354,1743101459,0x43a7c915a50f607171829deab3b5dd48d2011fcbc1af063a14cd14e6b4882005,NewSale
0x3573f71C5604E038d3dA3D8Ec8C1A611EA56649a,78983,0xbc2d6E7c81E7f35473b3594031FCC4c519fD24Ad,0,0x963e1b23e90ff15cb63cf79676da6e8a25647dbb,1,140000000000000,33267101,135778,4983399,1743101549,0x2931b84582135e22c115abe8b8036aacac214b84ff0b1c25b6522b620dfbf7de,NewSale
0x2511b400B96A01D992a438681fdEC776148Cb346,78591,0xFC000E355ea1dC4A8B8e40B7A09d1fFf82596D7b,0,0x3ab14eb21faa494d3fee9d8c1bbc0b8cc1960ef4,1,500000000000000,62200000,152874,4983426,1743101603,0xc7e50185636db91ef5b3280f45d6f92272ff0c6b62be4e013f4ef61c7165c986,NewSale
0x0E50aC716f64aB2b97610dbea33eA9CaD6280814,78850,0x02e21A25F0038fa5BDEe9c0b77aC0c1E84d3d6f0,1949,0x3ab14eb21faa494d3fee9d8c1bbc0b8cc1960ef4,1,440000000000000,34870000,155258,4983426,1743101603,0x288b85fa955810f8f4515f3224505a6ccf93cd2f944085779a4556c47b4ed5c1,NewSale
0xC0DEc165A5d6e6766Fbc35c977f89535899D0411,77663,0xbc2d6E7c81E7f35473b3594031FCC4c519fD24Ad,0,0x87db6eb4321133a5856ff9764430d80c0ea8f2ff,1,249999950000000,32936188,159301,4983433,1743101617,0xa1a4fb7b2e72368eb59651cea8800bee74fb6aecd4d1e8c43bed6aadd3f6cb9c,NewSale
0xE5c9247628C311DB31981eb836685707F2f92388,78994,0xbc2d6E7c81E7f35473b3594031FCC4c519fD24Ad,1,0x963e1b23e90ff15cb63cf79676da6e8a25647dbb,1,230000000000000,32590830,135778,4983447,1743101645,0x0d6361501d98f50a3f4f5431d0b43c90a5e14d9f124192564b48bcca063cf5e7,NewSale
0xFF84448eA8206A51295934A5C50dA8B38992621E,78987,0xbc2d6E7c81E7f35473b3594031FCC4c519fD24Ad,0,0x8cf5fd44205949b5790149a0d81ef2bc132901a2,1,285000000000000,63140578,140590,4983476,1743101703,0x8a57e171df520c5d7a379031b32d2e03abacca08bff365700ef06891bf2b51b2,NewSale
0x81c9f3a13f7c5e505E47D5295676ad135B0f8572,79002,0xbc2d6E7c81E7f35473b3594031FCC4c519fD24Ad,1,0x16244f010a06c191515e0174caea00710216d32c,1,249900000000000,31723334,152866,4983505,1743101761,0x9bd9cc1c493e922e8bdc4150343fc86c4319e7176fc3618238786c52cbfdbfc0,NewSale
0xeF0Ef28b882d166B732d00A01Ea762B9CCd3FE44,78947,0xbc2d6E7c81E7f35473b3594031FCC4c519fD24Ad,1,0x963e1b23e90ff15cb63cf79676da6e8a25647dbb,1,240000000000000,31744007,142177,4983508,1743101767,0x93de04fc7f66a953838501d3d2e6dcc2acca896548cedc7ec7bf2043e192f2af,NewSale
0xeF0Ef28b882d166B732d00A01Ea762B9CCd3FE44,78947,0xbc2d6E7c81E7f35473b3594031FCC4c519fD24Ad,1,0x3573f71c5604e038d3da3d8ec8c1a611ea56649a,1,240000000000000,31920000,140566,4983542,1743101835,0x5cbc005b72aa303dc2a3689fb9fb4fa2b9b4f5784bcf6d20815b41ea3dc6c151,NewSale
0xC0DEc165A5d6e6766Fbc35c977f89535899D0411,77663,0xbc2d6E7c81E7f35473b3594031FCC4c519fD24Ad,0,0x87db6eb4321133a5856ff9764430d80c0ea8f2ff,1,249999950000000,61313234,142201,4983552,1743101855,0xb088b39a315509dde054b60e0a2be10c602f64cb84c9b276f1c93f98e9ddd9fe,NewSale
0xF0E4c8462E5DCFD282E3Dc63EBACf7a9369575F0,78924,0xbc2d6E7c81E7f35473b3594031FCC4c519fD24Ad,1,0x705c2c374e8284010649e0dfb62246fbb98e9f3d,1,800000000000000,61354449,157678,4983559,1743101869,0x9a8bf9bcc5e88cad7fedbaab6e636382f128c7bc861ff503cc64d34fcf0c2bad,NewSale
0xC0DEc165A5d6e6766Fbc35c977f89535899D0411,77663,0xbc2d6E7c81E7f35473b3594031FCC4c519fD24Ad,0,0x3573f71c5604e038d3da3d8ec8c1a611ea56649a,1,249999950000000,31600000,159301,4983559,1743101869,0x0783ca02740ba7c6997e6189b9f5d896279a0e64a1081a161c66d84e70cfb4af,NewSale
0xFF84448eA8206A51295934A5C50dA8B38992621E,79001,0xbc2d6E7c81E7f35473b3594031FCC4c519fD24Ad,0,0x6e9da7cbdd2dc85d19d076d1b85b2ec75b1820c2,1,280000000000000,61185612,140578,4983572,1743101895,0xf8be7ac9d5844ea727de70ad883641c0692d65807ed1489d55ab34a40ffe8753,NewSale
0x80fe121B69163E17bd4e9CC573652e29E48fa4ae,78986,0xbc2d6E7c81E7f35473b3594031FCC4c519fD24Ad,0,0xae3ed39da68fcc1dcf0a3fce7f049198eaa962ee,1,19000000000000000000,30987435,182166,4983585,1743101921,0xfe83484cfd815c6ef0042c78c9dc5ee4893f29dae30bb439c43debe7bfd5794f,NewSale
0x3573f71C5604E038d3dA3D8Ec8C1A611EA56649a,79006,0xbc2d6E7c81E7f35473b3594031FCC4c519fD24Ad,1,0x6ee18b2fa65f32a87edde7e92ecc88cc03851daf,1,140000000000000,61211669,157678,4983588,1743101927,0xfc165fad6c9b8f0a2c9e4dbdc07e9a9ef745150777e6d1f47177c6148c0bd7ab,NewSale
0xF0E4c8462E5DCFD282E3Dc63EBACf7a9369575F0,78927,0xbc2d6E7c81E7f35473b3594031FCC4c519fD24Ad,0,0x705c2c374e8284010649e0dfb62246fbb98e9f3d,1,800000000000000,61261703,157678,4983590,1743101931,0x4f30e5b52ed80036314d166e4ad91f388eea40d4b86f32dcdfe134901946c267,NewSale
0x80fe121B69163E17bd4e9CC573652e29E48fa4ae,78986,0xbc2d6E7c81E7f35473b3594031FCC4c519fD24Ad,0,0xae3ed39da68fcc1dcf0a3fce7f049198eaa962ee,1,19000000000000000000,31082600,165066,4983605,1743101961,0x915da640ba92386e6c6e4c9f3f003e0782a5f49a834c78ece39dcb4f767ac22f,NewSale
0xF0E4c8462E5DCFD282E3Dc63EBACf7a9369575F0,78929,0xEB255E4669Da7FeEf1F746a5a778b4e08b65a1A7,0,0x705c2c374e8284010649e0dfb62246fbb98e9f3d,1,800000000000000,61018262,150171,4983608,1743101967,0xcae7fb1877d6b736c03633111b9c1cfb78bca06b33f5f9bc278442d1a739dda6,NewSale
0x8cf5FD44205949B5790149A0D81eF2BC132901a2,79012,0xbc2d6E7c81E7f35473b3594031FCC4c519fD24Ad,1,0xf57d819194e4d24839f8c9bba4e04b8645571e07,1,200000000000000,31108076,152878,4983617,1743101985,0x31daf89c63c6e191bbe51ad13e4aa8fd31e18ec00c15df61a8fb8b47d0d89a0d,NewSale
0x80fe121B69163E17bd4e9CC573652e29E48fa4ae,78986,0xbc2d6E7c81E7f35473b3594031FCC4c519fD24Ad,0,0xae3ed39da68fcc1dcf0a3fce7f049198eaa962ee,1,19000000000000000000,31010119,165066,4983618,1743101987,0x607ee04bd9566ce8e6ce1b83e221b8c105ae6e3073235534b0456c6fa5bc12bd,NewSale
0xF0E4c8462E5DCFD282E3Dc63EBACf7a9369575F0,78932,0x897d1cBBeDC44c8371672e8cA72555b5194D6D86,0,0x705c2c374e8284010649e0dfb62246fbb98e9f3d,1,800000000000000,61014300,167287,4983624,1743101999,0x34404c475c49de1d4215b21e9984041eecbcd03b20de928666a2da985b1ba438,NewSale
0x92225a66CDEBA751f8186344939974974C20a00B,79004,0xbc2d6E7c81E7f35473b3594031FCC4c519fD24Ad,1,0x6e9da7cbdd2dc85d19d076d1b85b2ec75b1820c2,1,249000000000000,60874060,135778,4983631,1743102013,0x2bd7d058bade111e8acd9329b74fd10bfc251003d30f9745a6442bf58ab8c2dd,NewSale
0x80fe121B69163E17bd4e9CC573652e29E48fa4ae,78986,0xbc2d6E7c81E7f35473b3594031FCC4c519fD24Ad,0,0xae3ed39da68fcc1dcf0a3fce7f049198eaa962ee,1,19000000000000000000,31009251,165066,4983637,1743102025,0xb421b90a1fa86b958d5536dfec270dee208e008d0c90a4428fab4ef2bceb2c76,NewSale
0xF0E4c8462E5DCFD282E3Dc63EBACf7a9369575F0,78939,0xdc0F91C5a4D200FfC21658901c77c0fE1A14d199,0,0x705c2c374e8284010649e0dfb62246fbb98e9f3d,1,800000000000000,61004418,167271,4983639,1743102029,0x372abcf202abebb693e0492fcdb804a44f4f640819c0659c8051519d98686504,NewSale
0x386dE71a6a5231E8413b5D7c4dbAB35727C0bC59,79007,0xbc2d6E7c81E7f35473b3594031FCC4c519fD24Ad,1,0xe87c709084544476270a14b54e0c96201a67e9af,1,249900000000000,60582519,152878,4983669,1743102089,0xc33dcfb410d226bee3e6c36e1fbcfb93fe02144e0d5c98c3c23b5e902f0627d0,NewSale
0xeF0Ef28b882d166B732d00A01Ea762B9CCd3FE44,79000,0xbc2d6E7c81E7f35473b3594031FCC4c519fD24Ad,1,0x7f1af11da1727736f86c8cf7052f4d253672a2af,1,248000000000000,30695083,159289,4983670,1743102091,0xf454bb5469081b46dc1534473a5065ad8d4961c8969b0133b5939e77c45a595d,NewSale
0x3573f71C5604E038d3dA3D8Ec8C1A611EA56649a,79016,0xbc2d6E7c81E7f35473b3594031FCC4c519fD24Ad,1,0x80fe121b69163e17bd4e9cc573652e29e48fa4ae,1,144000000000000,30857504,135766,4983671,1743102093,0x7c8252b03bee93e5f7b8a835acda0b3d6e22cb24ddaeb98255d22d0e0103e60e,NewSale
0xF33A56E3F3962C5F2f44f9b0E636CF50863034cA,78991,0xbc2d6E7c81E7f35473b3594031FCC4c519fD24Ad,1,0xf57d819194e4d24839f8c9bba4e04b8645571e07,1,249000000000000,31024764,135778,4983685,1743102121,0x157f089534a58929989ff3c30e8352329574c24fe83a9131c6e19863a3d65b1a,NewSale
0x80fe121B69163E17bd4e9CC573652e29E48fa4ae,78986,0xbc2d6E7c81E7f35473b3594031FCC4c519fD24Ad,0,0xae3ed39da68fcc1dcf0a3fce7f049198eaa962ee,1,19000000000000000000,30980516,165066,4983693,1743102137,0x80a3d0aee3af120ca2675427289fa68a9c7e375ddda1c7c53635057f7a73aeaa,NewSale
0xC0DEc165A5d6e6766Fbc35c977f89535899D0411,77663,0xbc2d6E7c81E7f35473b3594031FCC4c519fD24Ad,0,0x36917037a8147b2691f7e1f8c0864b8ef4b816f2,1,249999950000000,31019684,142201,4983700,1743102151,0x431badf26c06b6671ef70d92366eb678dd82b0029fc2dc6a22f95b76b095b70a,NewSale
0x80fe121B69163E17bd4e9CC573652e29E48fa4ae,78986,0xbc2d6E7c81E7f35473b3594031FCC4c519fD24Ad,0,0xae3ed39da68fcc1dcf0a3fce7f049198eaa962ee,1,19000000000000000000,30919684,165066,4983705,1743102161,0xed89b9143879a489b360e366ad2e9a4c2f7af5120a1ed271dd46ceff4af8e631,NewSale
0x47e87D0bde0e51C161D7048EBA249A0f9Fca4034,79011,0xbc2d6E7c81E7f35473b3594031FCC4c519fD24Ad,1,0x6ee18b2fa65f32a87edde7e92ecc88cc03851daf,1,249000000000000,60636383,135778,4983706,1743102163,0xe1bf3349a62173273b234c1d0cef29cee44077b986148b023e9db249e25c5988,NewSale
0x0Cc5C1346435D359CFE4d69a0052314E8898882a,78985,0xbc2d6E7c81E7f35473b3594031FCC4c519fD24Ad,1,0xf57d819194e4d24839f8c9bba4e04b8645571e07,1,249000000000000,31018528,135778,4983714,1743102179,0x66a411d4a01a31003e84774e07e72b13452e3a9f0b1c639d9019854d2bda259d,NewSale
0xeF0Ef28b882d166B732d00A01Ea762B9CCd3FE44,79000,0xbc2d6E7c81E7f35473b3594031FCC4c519fD24Ad,1,0xbd94ab380c5d6e25845e993df6a476191385fb87,1,248000000000000,60674885,159289,4983721,1743102193,0xc67969fb2c927cb81d2bc46d8af25cbff14fc24a596c43b462baa2cdceb7cf14,NewSale
0x80fe121B69163E17bd4e9CC573652e29E48fa4ae,78986,0xbc2d6E7c81E7f35473b3594031FCC4c519fD24Ad,0,0xae3ed39da68fcc1dcf0a3fce7f049198eaa962ee,1,19000000000000000000,31012552,165066,4983722,1743102195,0x07755bd539a8703f7ff74ef5be591af6bcc36172c0fd2f5e42d82a82d6f8b88e,NewSale
0xeF0Ef28b882d166B732d00A01Ea762B9CCd3FE44,79000,0xbc2d6E7c81E7f35473b3594031FCC4c519fD24Ad,1,0xbd94ab380c5d6e25845e993df6a476191385fb87,1,248000000000000,60841808,142189,4983735,1743102221,0x49e57af08376e15b2128de2c1eff8bca4cc0d51ee48822876e71b3102e52a93b,NewSale
0x80fe121B69163E17bd4e9CC573652e29E48fa4ae,78986,0xbc2d6E7c81E7f35473b3594031FCC4c519fD24Ad,0,0xae3ed39da68fcc1dcf0a3fce7f049198eaa962ee,1,19000000000000000000,30973330,160266,4983738,1743102227,0xf0abfe989d41d18ae503c2f0c2b915a71cab11cb8615208c19400c9c8a73247c,NewSale
0xC0DEc165A5d6e6766Fbc35c977f89535899D0411,77659,0xbc2d6E7c81E7f35473b3594031FCC4c519fD24Ad,0,0x36917037a8147b2691f7e1f8c0864b8ef4b816f2,1,249999980000000,30960978,142177,4983743,1743102237,0x4fa5ad040470b238db2e6f92d1f3c84f3e2e6f933c8635bc6eafb3245e41a519,NewSale
0xeF0Ef28b882d166B732d00A01Ea762B9CCd3FE44,79000,0xbc2d6E7c81E7f35473b3594031FCC4c519fD24Ad,1,0xf57d819194e4d24839f8c9bba4e04b8645571e07,1,248000000000000,31067936,142189,4983746,1743102243,0xf4225d211d4d69a39e1f062ba3d591d6230845619e134ef0ca8539a62d10808c,NewSale
0xeF0Ef28b882d166B732d00A01Ea762B9CCd3FE44,79000,0xbc2d6E7c81E7f35473b3594031FCC4c519fD24Ad,1,0xbd94ab380c5d6e25845e993df6a476191385fb87,1,248000000000000,60765955,142189,4983748,1743102247,0xa3f8a8578c01f8eae4651c331ac73e8fbd84b30f86163ec2d7120b36e71b4874,NewSale
0x8cf5FD44205949B5790149A0D81eF2BC132901a2,79020,0xbc2d6E7c81E7f35473b3594031FCC4c519fD24Ad,0,0xe87c709084544476270a14b54e0c96201a67e9af,1,285000000000000,60744215,140590,4983751,1743102253,0x5184e50718172a2e2e7fdaed789750dc5e1d890609da49e0bc5279166a3c581e,NewSale
0xFF84448eA8206A51295934A5C50dA8B38992621E,78996,0xbc2d6E7c81E7f35473b3594031FCC4c519fD24Ad,0,0x6e9da7cbdd2dc85d19d076d1b85b2ec75b1820c2,1,285000000000000,60588053,135790,4983759,1743102269,0x947dcdf05f0f58ad48a77da9fab51b9300f2c5781c0108bffe45da303d7d044f,NewSale
0xeF0Ef28b882d166B732d00A01Ea762B9CCd3FE44,79000,0xbc2d6E7c81E7f35473b3594031FCC4c519fD24Ad,1,0xbd94ab380c5d6e25845e993df6a476191385fb87,1,248000000000000,60642633,142189,4983764,1743102279,0xb7bcb982cbdb3a14df47ee5985f26ff2a43c18ecedebc6ec564224fd73fd3b27,NewSale
0x80fe121B69163E17bd4e9CC573652e29E48fa4ae,78986,0xbc2d6E7c81E7f35473b3594031FCC4c519fD24Ad,0,0xae3ed39da68fcc1dcf0a3fce7f049198eaa962ee,1,19000000000000000000,30773806,165066,4983764,1743102279,0xe678ec93c30b0402dee390f9a126b79d6ba7deae4c541198fd7ad165c74badf2,NewSale
0xeF0Ef28b882d166B732d00A01Ea762B9CCd3FE44,79000,0xbc2d6E7c81E7f35473b3594031FCC4c519fD24Ad,1,0xf57d819194e4d24839f8c9bba4e04b8645571e07,1,248000000000000,30851005,142189,4983767,1743102285,0xfd06984ce12548f215e2236805e208a9d66d5a791f5dfab0ea78601984764206,NewSale
0xF07e9140A9A4910ca26D9C903F1891DC3D69459c,79018,0xbc2d6E7c81E7f35473b3594031FCC4c519fD24Ad,1,0x16244f010a06c191515e0174caea00710216d32c,1,249000000000000,30695891,135766,4983773,1743102297,0xc1d7413018a5551e4aa9eb669afe774e70f8cb2a9f6059e5f3e4e2947b1f8599,NewSale
0xeF0Ef28b882d166B732d00A01Ea762B9CCd3FE44,79000,0xbc2d6E7c81E7f35473b3594031FCC4c519fD24Ad,1,0xbd94ab380c5d6e25845e993df6a476191385fb87,1,248000000000000,60301808,142189,4983777,1743102305,0x1807f6d1ed4036114d049c2decb56dca7535af639c29b217cda68eea2dfa9150,NewSale
0x80fe121B69163E17bd4e9CC573652e29E48fa4ae,78986,0xbc2d6E7c81E7f35473b3594031FCC4c519fD24Ad,0,0xae3ed39da68fcc1dcf0a3fce7f049198eaa962ee,1,19000000000000000000,30511914,163455,4983779,1743102309,0x2b04028e1e73a87d88fe96d431179ad9c934b4a2bea5898e227b1017cc841ab7,NewSale
0xBE2ED9Fc75574A57498f62297AB37E35C682C25f,79021,0xbc2d6E7c81E7f35473b3594031FCC4c519fD24Ad,1,0x36917037a8147b2691f7e1f8c0864b8ef4b816f2,1,249000000000000,30450604,152878,4983786,1743102323,0x0446119baa47784d4e7139ef37dbb90589e10bca047151b41c26b99fd89db7f8,NewSale
0xeF0Ef28b882d166B732d00A01Ea762B9CCd3FE44,79000,0xbc2d6E7c81E7f35473b3594031FCC4c519fD24Ad,1,0xbd94ab380c5d6e25845e993df6a476191385fb87,1,248000000000000,59795961,142189,4983789,1743102329,0xaea5eed1d9496f6ffc69aeb062e4c5706fbf24264b2178842237f43c894d596c,NewSale
0xbAA4E8eC5683C3e73A7049958bFCD96117cD931A,79022,0xbc2d6E7c81E7f35473b3594031FCC4c519fD24Ad,1,0x423bbd54139e3f02ca5280d53dedba654011d377,1,249900000000000,59727900,152878,4983792,1743102335,0xc1b5aef9dea75ccd7da9dfa60067d788c17d196a55c4153ac6058bdd0e3c362e,NewSale
0xeF0Ef28b882d166B732d00A01Ea762B9CCd3FE44,79000,0xbc2d6E7c81E7f35473b3594031FCC4c519fD24Ad,1,0xbd94ab380c5d6e25845e993df6a476191385fb87,1,248000000000000,59684177,135778,4983803,1743102357,0xbcf8b383845827f4dd97ca47ecd6e391edea41306413169d69a92d8aea0584e2,NewSale
0xD89ee0dAA2cBE4C2eB556B8a2A6D25bc6e12e8cb,79024,0xbc2d6E7c81E7f35473b3594031FCC4c519fD24Ad,1,0x9c10689c59d0e1dd62d318b99744d90dd3822a6d,1,249000000000000,30980000,152878,4983805,1743102361,0x8ebf3f5f9628c38c19821d0fd9eae973395e23ba84598936f8f1d0c25e91d50a,NewSale
0x18083CeB4da46037a5674f24EE2A2F4412ef4A68,78998,0xbc2d6E7c81E7f35473b3594031FCC4c519fD24Ad,1,0xbd94ab380c5d6e25845e993df6a476191385fb87,1,249000000000000,59675465,135778,4983818,1743102387,0x547eba675ffdb2de269e543e7f5797ac469991147b22faeead2f82800c88e49a,NewSale
0xC0DEc165A5d6e6766Fbc35c977f89535899D0411,77663,0xbc2d6E7c81E7f35473b3594031FCC4c519fD24Ad,0,0x9c10689c59d0e1dd62d318b99744d90dd3822a6d,1,249999950000000,30980000,159301,4983827,1743102405,0xdae02d9f7a478028aa0e3a95a180daeb1ee9c0cc420f12e42e08b09ec17c326a,NewSale
0xe034222B37D1177bD7d7FBB7B3e3b7aa92036e2D,79027,0xbc2d6E7c81E7f35473b3594031FCC4c519fD24Ad,1,0xbd94ab380c5d6e25845e993df6a476191385fb87,1,249000000000000,59722977,135778,4983832,1743102415,0x5ab2c6d2d0e5e3b069b9e95afd87f5b352f00dd380189957903117a445dc1e7e,NewSale
0x51698a4e08ABF88C51116EB227633Fd5aB9bE804,79033,0xbc2d6E7c81E7f35473b3594031FCC4c519fD24Ad,0,0x80fe121b69163e17bd4e9cc573652e29e48fa4ae,1,200000000000000,30296353,140578,4983843,1743102437,0x6393fe7ea4db742e886f0cdd645e004227c66e84c87e9a3e1e973f96140dad7e,NewSale
0x0E50aC716f64aB2b97610dbea33eA9CaD6280814,78854,0x02e21A25F0038fa5BDEe9c0b77aC0c1E84d3d6f0,1955,0x2cf2645f3d4b44106db398ae07f3ebe26bfed0f1,1,430000000000000,30980000,155258,4983845,1743102441,0x2ccbca32399ba4cc3a1373ad6173e3b0193a2d2a4b627e0df4dabeeed5cf42ba,NewSale
0xC0DEc165A5d6e6766Fbc35c977f89535899D0411,74893,0xbc2d6E7c81E7f35473b3594031FCC4c519fD24Ad,0,0x9c10689c59d0e1dd62d318b99744d90dd3822a6d,1,249999990000000,30980000,142201,4983846,1743102443,0xd046807cfe1c648d1dc969c0efcfc0a5989b383197e58476537da9c125d818b3,NewSale
0xae3eD39da68fcC1dCF0a3fCe7F049198EAA962eE,79034,0xbc2d6E7c81E7f35473b3594031FCC4c519fD24Ad,0,0x80fe121b69163e17bd4e9cc573652e29e48fa4ae,1,19500000000000000000,30377471,165066,4983867,1743102485,0x53ae7025e469b0e038ab13caf48e7cdf609095b9094ff9aed1b25780d5926cdc,NewSale
0xC0DEc165A5d6e6766Fbc35c977f89535899D0411,77662,0xbc2d6E7c81E7f35473b3594031FCC4c519fD24Ad,0,0x6ee18b2fa65f32a87edde7e92ecc88cc03851daf,1,249999960000000,59623819,142189,4983869,1743102489,0xc1c06bbe922209fd75aaf135551c72d18a4402c19aedaf92448455ab7bb78057,NewSale
0xae3eD39da68fcC1dCF0a3fCe7F049198EAA962eE,79034,0xbc2d6E7c81E7f35473b3594031FCC4c519fD24Ad,0,0x80fe121b69163e17bd4e9cc573652e29e48fa4ae,1,19500000000000000000,30417108,165066,4983877,1743102505,0x6f3357ce4c6fbfb875692cfe369e542b64acb7ae678cc96d30a067f19a704aa2,NewSale
0xae3eD39da68fcC1dCF0a3fCe7F049198EAA962eE,79034,0xbc2d6E7c81E7f35473b3594031FCC4c519fD24Ad,0,0x80fe121b69163e17bd4e9cc573652e29e48fa4ae,1,19500000000000000000,30196673,165066,4983887,1743102525,0xad898ff008bdf85ef41f21d59d32a811c52901d53aa4036780618cc619e0a9a8,NewSale
0x76e70cEA44631425a23Db87865B2C2e6f126aaf8,192,0xDfC21bE7cC791a5f03A95E836D385bBC6d7dF384,372,0x680c1d7105040a7d8a9c5678ac025d826b2c39c0,1,3500000000000000,30446279,150434,4983899,1743102549,0x679af4a288c7f280e1ff256a1df4061c2e065bafaa627dee7b6f0682ca18e5b4,NewSale
0x36D4f6Eb9cEA93aFE508da47142dd6D56a79c6e7,79029,0xbc2d6E7c81E7f35473b3594031FCC4c519fD24Ad,1,0xe87c709084544476270a14b54e0c96201a67e9af,1,249900000000000,36919100,135778,4983909,1743102569,0x1553a0fb90f2a8ef61ec4c977681a309b94888df16b30e0c575e04caa8190535,NewSale
0xae3eD39da68fcC1dCF0a3fCe7F049198EAA962eE,79034,0xbc2d6E7c81E7f35473b3594031FCC4c519fD24Ad,0,0x80fe121b69163e17bd4e9cc573652e29e48fa4ae,1,19500000000000000000,30406822,165066,4983910,1743102571,0xe82d1226fbc2dffc5dbfc46d4b9be33740d4e60011f315379f834634904f43bb,NewSale
0xae3eD39da68fcC1dCF0a3fCe7F049198EAA962eE,79034,0xbc2d6E7c81E7f35473b3594031FCC4c519fD24Ad,0,0x80fe121b69163e17bd4e9cc573652e29e48fa4ae,1,19500000000000000000,30363252,165066,4983919,1743102589,0xb5ea3f75b8facb1933505715e99bf0191cbd93bd9b5cbd2aa4e4de03995facdc,NewSale
0xae3eD39da68fcC1dCF0a3fCe7F049198EAA962eE,79034,0xbc2d6E7c81E7f35473b3594031FCC4c519fD24Ad,0,0x80fe121b69163e17bd4e9cc573652e29e48fa4ae,1,19500000000000000000,30369667,165066,4983931,1743102613,0xad4ea6e26dbaccb8a177bd9985099fb0dc66642141fb052f79bee132fbdf3e8a,NewSale
0x8cf5FD44205949B5790149A0D81eF2BC132901a2,78999,0xbc2d6E7c81E7f35473b3594031FCC4c519fD24Ad,0,0x6e9da7cbdd2dc85d19d076d1b85b2ec75b1820c2,1,300000000000000,59576163,135790,4983934,1743102619,0x330c08fed03c23a3ebf3e1caef931099d74579013059f87f35f4ec3f51b2bc0a,NewSale
0x51698a4e08ABF88C51116EB227633Fd5aB9bE804,79045,0xbc2d6E7c81E7f35473b3594031FCC4c519fD24Ad,0,0x602c27a7c09ed4278556c332ccc6467d35821058,1,200000000000000,30520000,140578,4983939,1743102629,0xdd27a89c199052ec4fdbe5a487108f115cd7864579a362cb2f1df1e9d94eccb4,NewSale
0x51698a4e08ABF88C51116EB227633Fd5aB9bE804,79040,0xbc2d6E7c81E7f35473b3594031FCC4c519fD24Ad,0,0x36917037a8147b2691f7e1f8c0864b8ef4b816f2,1,200000000000000,30345862,140578,4983950,1743102651,0x57334a6ca394f57572e18957b421f117b3dea30c68bcdbbd6f9cb9d2bd2598b2,NewSale
0xbAa9672503be4067CCc6eBB08BEe52af3e0b3b4C,77228,0x0c951D9e6EC40FB01007AA8463a98a4C8829874d,0,0x680c1d7105040a7d8a9c5678ac025d826b2c39c0,1,2200000000000000,30207364,162483,4983983,1743102717,0x762e01b748c60590d60faf285f1477c4a98ee53a376d7bafd4fcc9f30ac5a227,NewSale
0x51698a4e08ABF88C51116EB227633Fd5aB9bE804,79047,0xbc2d6E7c81E7f35473b3594031FCC4c519fD24Ad,0,0xe87c709084544476270a14b54e0c96201a67e9af,1,200000000000000,30663775,140578,4983992,1743102735,0x7f34640352c8d5efec14dfffed4f6e02da4ca1b3c9736d5ed83c19ce9f0edb75,NewSale
0x51698a4e08ABF88C51116EB227633Fd5aB9bE804,79035,0xbc2d6E7c81E7f35473b3594031FCC4c519fD24Ad,0,0xf300e080b2b98e110c096a3c9fdb9825f2c4bf25,1,200000000000000,30245834,140566,4983993,1743102737,0x13a285f9a263cd77e5761d3185999e3281a87fc029d61683e802c6365487f10f,NewSale
0x3f7596a82a535eE927b5CbB9e69F2f3E5c6ec58B,79044,0xbc2d6E7c81E7f35473b3594031FCC4c519fD24Ad,1,0x602c27a7c09ed4278556c332ccc6467d35821058,1,259000000000000,30320000,135778,4984018,1743102787,0xb955b285e4a0bd81973f872f05d119603f81c4c89dfa1865d3239dccc413b6f1,NewSale
0x51698a4e08ABF88C51116EB227633Fd5aB9bE804,79054,0xbc2d6E7c81E7f35473b3594031FCC4c519fD24Ad,0,0x602c27a7c09ed4278556c332ccc6467d35821058,1,200000000000000,30040000,140578,4984053,1743102857,0x7d238d5652633fd66c22407454b9ce4ed34546f5ad89b5fc31b59ffb336fa53c,NewSale
0xbAa9672503be4067CCc6eBB08BEe52af3e0b3b4C,77855,0x26eA0a7Bd0e3feBc7Cd919Ab46e17b47cb01Cc04,21,0x680c1d7105040a7d8a9c5678ac025d826b2c39c0,1,3000000000000000,29980883,192216,4984056,1743102863,0x8ea8d83b234dc28a23d12795401d41ea390527f926c13e5e2a7cc39a7f35dd97,NewSale
0x51698a4e08ABF88C51116EB227633Fd5aB9bE804,79062,0xbc2d6E7c81E7f35473b3594031FCC4c519fD24Ad,0,0xac9c7b6cd8b7d9da658132cdc14e424329a06984,1,200000000000000,29927009,140578,4984064,1743102879,0x9cbf3d7478ce1990da7c306dbf395fcc33a921073c7707a059a0ec43fa2ef1c5,NewSale
0x51698a4e08ABF88C51116EB227633Fd5aB9bE804,79058,0xbc2d6E7c81E7f35473b3594031FCC4c519fD24Ad,0,0xe87c709084544476270a14b54e0c96201a67e9af,1,200000000000000,30523229,140578,4984074,1743102899,0x0538c153ba101b07f95f338dfc6b86fef5987cef1ef330d5c700fd9df24d0d58,NewSale
0xE4f4BaEd82d30f2244fE1722aeda37dEF4B38Ddc,78035,0xdc0F91C5a4D200FfC21658901c77c0fE1A14d199,0,0xef41421593f0211154665670ffb925c63243c3c6,1,639000000000000,30010000,167283,4984095,1743102941,0x77404619bb9dfb4e5bd117115c7e81ee1ebac59120fd9891f2082a249b032650,NewSale
0x6b308D435Dd0aE0F30D9876203589B2F05A09F23,79056,0xbc2d6E7c81E7f35473b3594031FCC4c519fD24Ad,1,0xac9c7b6cd8b7d9da658132cdc14e424329a06984,1,259000000000000,57615543,135778,4984102,1743102955,0x89fe89313c43ddd0cb1d0bd152f0685a507340b3a8b35c763f08a05e37c8b20c,NewSale
0x8851bB3fCe3122b6c33CD92195a1FA06C2B19F07,78818,0xbc2d6E7c81E7f35473b3594031FCC4c519fD24Ad,0,0x4fe1621dff94da8b6924cfc8e42c42ff671f4daf,1,260000000000000,35877019,140578,4984112,1743102975,0xa768c1f0833664356d0cc313847e30b740d1c3e80e66f295062f1f66bdddc6b7,NewSale
0x51698a4e08ABF88C51116EB227633Fd5aB9bE804,79043,0xbc2d6E7c81E7f35473b3594031FCC4c519fD24Ad,0,0x36917037a8147b2691f7e1f8c0864b8ef4b816f2,1,200000000000000,30121678,140578,4984115,1743102981,0x2594d910a0cffd4ebaf13e05458e075dce25235160fb6640ad48834d6363ae3a,NewSale
0xE4f4BaEd82d30f2244fE1722aeda37dEF4B38Ddc,78095,0xdc0F91C5a4D200FfC21658901c77c0fE1A14d199,0,0xe991c733b74ac6eabc06ed50a7ffb2be5b221874,1,639000000000000,30000000,150183,4984123,1743102997,0xa47e2c8b52fc71f64c97dfa21e9b1fedcb5c5c82cc63f0dc0d6e59ecfd8aac63,NewSale
0xE4f4BaEd82d30f2244fE1722aeda37dEF4B38Ddc,79005,0xdc0F91C5a4D200FfC21658901c77c0fE1A14d199,0,0xef41421593f0211154665670ffb925c63243c3c6,1,655000000000000,30030000,150183,4984140,1743103031,0x00dff7b0e7ebeb4a60b9b04e1996fff2710890ebbed2aea310a235c08116e64a,NewSale
0xF57D819194E4D24839f8c9bBA4e04b8645571E07,79050,0xbc2d6E7c81E7f35473b3594031FCC4c519fD24Ad,1,0x36917037a8147b2691f7e1f8c0864b8ef4b816f2,1,200000000000000,29879347,140578,4984144,1743103039,0x700748bcaecdd0e9ad74a7897b3da126bf2452a4910f7b2ede987bf87e516cca,NewSale
0x51698a4e08ABF88C51116EB227633Fd5aB9bE804,79041,0xbc2d6E7c81E7f35473b3594031FCC4c519fD24Ad,0,0x327dbd8f6b99be7c62875405a679654fedc170d1,1,200000000000000,35675870,157678,4984148,1743103047,0x76514c78e369eb5cd90e44722edd1e408ef35b27fd734c1d8eaa45d5b120b6c5,NewSale
0xae3eD39da68fcC1dCF0a3fCe7F049198EAA962eE,79034,0xbc2d6E7c81E7f35473b3594031FCC4c519fD24Ad,0,0x80fe121b69163e17bd4e9cc573652e29e48fa4ae,1,19500000000000000000,29807056,165066,4984149,1743103049,0x66fcd16d9506bb22a31e1587d1932934421b2432ce718ee4f1c9dc50e0bd7dcc,NewSale
0x51698a4e08ABF88C51116EB227633Fd5aB9bE804,79049,0xbc2d6E7c81E7f35473b3594031FCC4c519fD24Ad,0,0x602c27a7c09ed4278556c332ccc6467d35821058,1,200000000000000,30050000,135778,4984162,1743103075,0xc8b28b2e15afbaf3ffcc2169184925cba073df1257a1bffbf3fba608f71934cb,NewSale
0xae3eD39da68fcC1dCF0a3fCe7F049198EAA962eE,79034,0xbc2d6E7c81E7f35473b3594031FCC4c519fD24Ad,0,0x80fe121b69163e17bd4e9cc573652e29e48fa4ae,1,19500000000000000000,29863449,160266,4984162,1743103075,0x359a5a6d77c3d16bf0ec10dda6a6c4db093aa3dddc7bed3828fbe5be11538037,NewSale
0xbAa9672503be4067CCc6eBB08BEe52af3e0b3b4C,77851,0x26eA0a7Bd0e3feBc7Cd919Ab46e17b47cb01Cc04,22,0x680c1d7105040a7d8a9c5678ac025d826b2c39c0,1,8000000000000000,30043773,154778,4984175,1743103101,0x9bd3ad56518b138982ee067ed00b43ceee5e1dd3c84b70822a6cf72e3c3fd4e8,NewSale
0xae3eD39da68fcC1dCF0a3fCe7F049198EAA962eE,79034,0xbc2d6E7c81E7f35473b3594031FCC4c519fD24Ad,0,0x80fe121b69163e17bd4e9cc573652e29e48fa4ae,1,19500000000000000000,30009483,165066,4984180,1743103111,0x5f5da829369ab3935042141aa879a6711469f60d83ae8369b5a0de1fb022c892,NewSale
0x4F81E0B77E14DAA9f86627a47988b7ee2c4D8D59,76301,0xdc0F91C5a4D200FfC21658901c77c0fE1A14d199,0,0xce967cef576fb28a767048e1a33ccea75cc971af,1,659900000000000,29950000,150183,4984187,1743103125,0xc2badc49796b523999c2ad1396bc12c0f422d372a2d0f6c901e5feab3b7996ac,NewSale
0x9C10689c59d0e1DD62d318b99744d90dd3822A6D,79048,0xbc2d6E7c81E7f35473b3594031FCC4c519fD24Ad,1,0xb3a7c2ccd09bead0339802782238c1ab1d11db9e,1,280000000000000,30251051,152878,4984192,1743103135,0xa3d86820b9986c5567c6a92d3c244bcf459eae702b68157692ff8700691d8a4d,NewSale
0xae3eD39da68fcC1dCF0a3fCe7F049198EAA962eE,79034,0xbc2d6E7c81E7f35473b3594031FCC4c519fD24Ad,0,0x80fe121b69163e17bd4e9cc573652e29e48fa4ae,1,19500000000000000000,30148685,158655,4984193,1743103137,0x752c51929835248983112aa0bb4d5ced3249878fccc727b7828fae5217718b8b,NewSale
0xbAa9672503be4067CCc6eBB08BEe52af3e0b3b4C,75817,0x26eA0a7Bd0e3feBc7Cd919Ab46e17b47cb01Cc04,123,0x680c1d7105040a7d8a9c5678ac025d826b2c39c0,1,3100000000000000,30507790,154790,4984216,1743103183,0xe14c6059c2624dfde2182eeb66a58e8609efdfa12f224d9bc9cddf1619efaec6,NewSale
0xC0DEc165A5d6e6766Fbc35c977f89535899D0411,77663,0xbc2d6E7c81E7f35473b3594031FCC4c519fD24Ad,0,0x9c10689c59d0e1dd62d318b99744d90dd3822a6d,1,249999950000000,30570000,142201,4984228,1743103207,0xe07f13e15e32d729706c4fdb0604ed75b3cbbaeab8f67536d8197cab1c5a10d8,NewSale
0xC0DEc165A5d6e6766Fbc35c977f89535899D0411,77663,0xbc2d6E7c81E7f35473b3594031FCC4c519fD24Ad,0,0x9c10689c59d0e1dd62d318b99744d90dd3822a6d,1,249999950000000,30640000,142201,4984243,1743103237,0x6f37229562933241ff4fa3635218d6777ff504496756ef9391a2b8d7525ffee4,NewSale
0x9C10689c59d0e1DD62d318b99744d90dd3822A6D,79057,0xbc2d6E7c81E7f35473b3594031FCC4c519fD24Ad,0,0x602c27a7c09ed4278556c332ccc6467d35821058,1,285000000000000,30630000,140590,4984252,1743103255,0xf9d763bc596a97c050e5095b2045b11e6b3503d3eb5f0cf6ff221a31fb848dfd,NewSale
0xF57D819194E4D24839f8c9bBA4e04b8645571E07,79085,0xbc2d6E7c81E7f35473b3594031FCC4c519fD24Ad,1,0x80fe121b69163e17bd4e9cc573652e29e48fa4ae,1,200000000000000,30409678,140578,4984255,1743103261,0x8df928845981355324f47faca8f1d33508bdf10b21c51e2b95ca903ab4a9a1fd,NewSale
0xCE3A6164c5Ee8e2A4851F14c94990EB37E40637e,75799,0x26eA0a7Bd0e3feBc7Cd919Ab46e17b47cb01Cc04,177,0x680c1d7105040a7d8a9c5678ac025d826b2c39c0,1,3300000000000000,30476485,154790,4984258,1743103267,0x3b2d761195d46be86408607f475eb24fc80f3b8442a2166cdcde25cfdd7fcf69,NewSale
0x627894DD29343bE977C00803ED7dB2AcB46d916d,79052,0xbc2d6E7c81E7f35473b3594031FCC4c519fD24Ad,1,0x602c27a7c09ed4278556c332ccc6467d35821058,1,249900000000000,30630000,135778,4984272,1743103295,0x7fd96f8066b43aad86a558f5247cde695b8cdb0dc3bc9156d963d1d439f60f7d,NewSale
0x866FDb4BBCaF5f65275c83bc0E040ad68074776e,78910,0xEB255E4669Da7FeEf1F746a5a778b4e08b65a1A7,0,0x46c84d363a31e30907cc4c56c60944d960272ee8,1,250000000000000,31137678,145371,4984277,1743103305,0xee9afb155803a9dcaba6534f9b9fb643717c4f2c8377ec816640f54d6219f72e,NewSale
0x327dBd8F6B99BE7c62875405a679654FEdC170D1,79090,0xbc2d6E7c81E7f35473b3594031FCC4c519fD24Ad,0,0x80fe121b69163e17bd4e9cc573652e29e48fa4ae,1,200000000000000,30565960,135778,4984292,1743103335,0xb9a309601fd7778e9e25dc2357bdaa33a2a9d034544aab6c2c5bf056df8842be,NewSale
0x91D8C923972A02f01196D87C4757Ee7C93B89531,79077,0xbc2d6E7c81E7f35473b3594031FCC4c519fD24Ad,1,0x58f3d3d18f158354d4e7301231e9bc2dc46093de,1,249000000000000,30481423,152878,4984321,1743103393,0xbff9556630879773c055263e18231ee1ae84a400ce95b23c8d2928388e36bf12,NewSale
0x813eadE4f056F7FbE53C4032a88a933013ee87d7,79102,0xbc2d6E7c81E7f35473b3594031FCC4c519fD24Ad,0,0x602c27a7c09ed4278556c332ccc6467d35821058,1,200000000000000,30260000,140578,4984374,1743103499,0x1ed9875559b1ac1b36cf9da6e5eee640b21a7b7c791243e114033b9f742b8e2a,NewSale
0x57d1B3eF44E2A3533865a7042448f2d897181C98,76323,0xdc0F91C5a4D200FfC21658901c77c0fE1A14d199,0,0x8f1e77a0cae364c7b583690d76f2758d3cd7bf1b,1,659900000000000,30368151,150183,4984381,1743103513,0x50ecb7be9c4435328c9a089f6d9b4c4fa3c23898f9f649b532c25ab65eaadd9a,NewSale
0x9C10689c59d0e1DD62d318b99744d90dd3822A6D,79072,0xbc2d6E7c81E7f35473b3594031FCC4c519fD24Ad,0,0x423bbd54139e3f02ca5280d53dedba654011d377,1,280000000000000,59610901,140578,4984384,1743103519,0x8f3c0e0e84823b966bda6b6433bc5167de8f63f90dc93f12f1a0d607087fcac6,NewSale
0xF57D819194E4D24839f8c9bBA4e04b8645571E07,79095,0xbc2d6E7c81E7f35473b3594031FCC4c519fD24Ad,1,0xffd60de56d579ea3390feb1c4710b29d3f1d4d43,1,100000000000000,59832527,157678,4984396,1743103543,0x4cb891ff2970ef0b6a10cc5631c55be335925f1a0868ef3387733fab349d0351,NewSale
0x8851bB3fCe3122b6c33CD92195a1FA06C2B19F07,78826,0xbc2d6E7c81E7f35473b3594031FCC4c519fD24Ad,0,0x6ce77c6eb239a8bcb4154ae4f0710148f3e3316c,1,260000000000000,59813840,140578,4984397,1743103545,0xecd9d00a28c5149fc14eb807009c23e60bbba1f59e4f3c7eca9368cf6db52257,NewSale
0x80fe121B69163E17bd4e9CC573652e29E48fa4ae,78669,0xbc2d6E7c81E7f35473b3594031FCC4c519fD24Ad,0,0xb7d3bd02b1d9d96680a631d9f60df1ca6ed853ad,1,19900000000000000000,40000000,165054,4984412,1743103575,0xdfa83a3e07701310590b47fc054f1cd881c981c35e786608e9eb397d400b5eca,NewSale
0x813eadE4f056F7FbE53C4032a88a933013ee87d7,79115,0xbc2d6E7c81E7f35473b3594031FCC4c519fD24Ad,0,0xc2e4d36134b4b50001d6bb271f834b14523bae0d,1,200000000000000,30930000,157666,4984432,1743103615,0x190bb43f6b79382511fabffbe0f9a8d141eaa2ad965fa73c77bd7dca4c828d12,NewSale
0x813eadE4f056F7FbE53C4032a88a933013ee87d7,79110,0xbc2d6E7c81E7f35473b3594031FCC4c519fD24Ad,0,0x745b9a68e2240de3a88f3cf2861f0cd5c784adb1,1,200000000000000,30900000,140578,4984436,1743103623,0x4f57f51273823c27ed75f3b77447cd2a0ef754f5a44d1abd89a1704f6becb898,NewSale
0x36917037A8147b2691F7E1F8c0864B8Ef4b816F2,79097,0xbc2d6E7c81E7f35473b3594031FCC4c519fD24Ad,0,0xc2e4d36134b4b50001d6bb271f834b14523bae0d,1,248000000000000,31070000,140566,4984449,1743103649,0x0bdc6e1ae959afd82d1a30552340beb36b6c8e52bba8dba36b721620e17f9a75,NewSale
0x80fe121B69163E17bd4e9CC573652e29E48fa4ae,78666,0xbc2d6E7c81E7f35473b3594031FCC4c519fD24Ad,1,0xb7d3bd02b1d9d96680a631d9f60df1ca6ed853ad,1,19500000000000000000,40000000,165066,4984476,1743103703,0xdd7978c1c0dd8eb3d835de1052a598b7605d92a3bfc258f9522507a09fe767f7,NewSale
0xDAe2Ca3d64369eDc692030B308B82033a207e0BF,78797,0x897d1cBBeDC44c8371672e8cA72555b5194D6D86,0,0xf6599984411f3c39196e3c796fca70b79ef11f02,1,600000000000000,31648366,145399,4984486,1743103723,0xc9a8435080d630cb4cb7392f043bb39e9aa62da489dbc29b4110486f85141f28,NewSale
0x36917037A8147b2691F7E1F8c0864B8Ef4b816F2,79120,0xbc2d6E7c81E7f35473b3594031FCC4c519fD24Ad,1,0x5d2235e99e6567af0a2719683170c8d70178b45a,1,249500000000000,62432703,140578,4984490,1743103731,0x7c18fa78d0622509b460174366adf7226f59cde9dbda09eb15eed310e79c8c29,NewSale
0x80fe121B69163E17bd4e9CC573652e29E48fa4ae,79098,0xbc2d6E7c81E7f35473b3594031FCC4c519fD24Ad,0,0xb7d3bd02b1d9d96680a631d9f60df1ca6ed853ad,1,19500000000000000000,40000000,165066,4984501,1743103753,0xe2fdb86a2296265a4b42347b63be2429f0ca3ac6e66cb09e9c04587e9ea528f3,NewSale
0x6e9Da7cBdD2DC85d19d076d1b85b2EC75b1820c2,79126,0xbc2d6E7c81E7f35473b3594031FCC4c519fD24Ad,0,0x602c27a7c09ed4278556c332ccc6467d35821058,1,250000000000000,32010000,140578,4984516,1743103783,0x3cb86879e1152009c8adb50a887c17240d9b9844e79cc8c9658c9bf06b3283df,NewSale
0x80fe121B69163E17bd4e9CC573652e29E48fa4ae,78669,0xbc2d6E7c81E7f35473b3594031FCC4c519fD24Ad,0,0xb7d3bd02b1d9d96680a631d9f60df1ca6ed853ad,1,19900000000000000000,40000000,165054,4984535,1743103821,0x156e2488ac4aa87903ce58baf2137e411e9dec8f35bb6c7433c1183e589be52a,NewSale
0x745b9A68e2240de3a88F3cf2861f0Cd5C784adb1,79134,0xbc2d6E7c81E7f35473b3594031FCC4c519fD24Ad,0,0x80fe121b69163e17bd4e9cc573652e29e48fa4ae,1,180000000000000,31682924,140578,4984538,1743103827,0x88f9d163cae418b87d3ed4b2db1b8e314ed4d21a9ac40f187dfc1694a33b2ebb,NewSale
0x36917037A8147b2691F7E1F8c0864B8Ef4b816F2,79112,0xbc2d6E7c81E7f35473b3594031FCC4c519fD24Ad,0,0x80fe121b69163e17bd4e9cc573652e29e48fa4ae,1,200000000000000,31875484,140578,4984548,1743103847,0xe766075ffeef3a18f9a08dce8f2415ea32cf2295f0dee359e94e0c8308795372,NewSale
0x813eadE4f056F7FbE53C4032a88a933013ee87d7,79121,0xbc2d6E7c81E7f35473b3594031FCC4c519fD24Ad,0,0x80fe121b69163e17bd4e9cc573652e29e48fa4ae,1,200000000000000,31824978,140578,4984566,1743103883,0x9a047753d8013af6cf0f0b28d12f8166aacc86d232a774e78601c3a366fbac01,NewSale
0xd96E783e08aB5cE37fB6BCcc34a22F7022898A1c,79107,0xbc2d6E7c81E7f35473b3594031FCC4c519fD24Ad,1,0x5d2235e99e6567af0a2719683170c8d70178b45a,1,249900000000000,38501901,135778,4984575,1743103901,0x772cab355337be18ac3c3898418e86e698074a3d16b60071b472131e07f332b2,NewSale
0xF57D819194E4D24839f8c9bBA4e04b8645571E07,79122,0xbc2d6E7c81E7f35473b3594031FCC4c519fD24Ad,0,0x813c2398850725d31ad455c2165ab37b050de3a5,1,200000000000000,31740000,135778,4984589,1743103929,0xc4f01fa713fe8764080cee5e74367dc2ea68a8244a3c3018935d0a3289e2b6c5,NewSale
0x813eadE4f056F7FbE53C4032a88a933013ee87d7,79139,0xbc2d6E7c81E7f35473b3594031FCC4c519fD24Ad,0,0x80fe121b69163e17bd4e9cc573652e29e48fa4ae,1,200000000000000,31589877,140578,4984590,1743103931,0xc940c1a1d41428c8dd1baa370cb4599189bad497580035651e5a9c640fe8cab0,NewSale
0xb3A7C2CCd09Bead0339802782238c1Ab1D11dB9e,79125,0xdc0F91C5a4D200FfC21658901c77c0fE1A14d199,0,0xe4f4baed82d30f2244fe1722aeda37def4b38ddc,1,400000000000000,31002449,145371,4984632,1743104015,0xdd9a072247abd136b16da3bde736ea5b9e27f7f75224891e8b20b914a3f3937d,NewSale
0x813c2398850725d31aD455C2165Ab37B050dE3a5,79144,0xbc2d6E7c81E7f35473b3594031FCC4c519fD24Ad,0,0xdb29aadc3535697dc69ac1f1e08283040ec392e6,1,190000000000000,31090000,140578,4984641,1743104033,0x0146033ef938924be6ad3f7f5431bc1e772110d2d2a4013deee8e47b87ee7b75,NewSale
0x80fe121B69163E17bd4e9CC573652e29E48fa4ae,76985,0xbc2d6E7c81E7f35473b3594031FCC4c519fD24Ad,0,0xb7d3bd02b1d9d96680a631d9f60df1ca6ed853ad,1,19800000000000000000,40000000,165066,4984645,1743104041,0x6faa27cb2ee17e73d83a57ebf39c941cbdaeb5d8c14683d27452677dfcee4df0,NewSale
0xdB29Aadc3535697dc69Ac1f1E08283040ec392e6,79148,0xbc2d6E7c81E7f35473b3594031FCC4c519fD24Ad,0,0x7b8961c71f8006366cfa7e9714f2ad002418a721,1,190000000000000,30320000,140566,4984698,1743104147,0x2b9a255f4050928aca9807ec18ed166428e6ebe97ec81060ac54dab9312a53c3,NewSale
0xF57D819194E4D24839f8c9bBA4e04b8645571E07,79130,0xbc2d6E7c81E7f35473b3594031FCC4c519fD24Ad,1,0xd568fd0c9f948214c542c99a12b4da130b4b9d32,1,200000000000000,59363910,157678,4984701,1743104153,0xa4a6696e01b0d04f8b775d57d7a14291970285319bffcbf18e7190059d6d1316,NewSale
0x813eadE4f056F7FbE53C4032a88a933013ee87d7,79135,0xbc2d6E7c81E7f35473b3594031FCC4c519fD24Ad,0,0xe37c1e442ed98b5a0c7822e4a7568bf26101e952,1,200000000000000,30196599,140578,4984709,1743104169,0x308337d4dcfe42856c35a8b14dde89a29e22aecae69894f9cfab3572f176e659,NewSale
0x813eadE4f056F7FbE53C4032a88a933013ee87d7,79141,0xbc2d6E7c81E7f35473b3594031FCC4c519fD24Ad,0,0xd568fd0c9f948214c542c99a12b4da130b4b9d32,1,200000000000000,29976704,140578,4984752,1743104255,0xec5952bfc40276228ea5c8e6230f3180bef3f2eb7c46c546b47db250bc9ce2df,NewSale
0x7B8961c71F8006366Cfa7e9714F2ad002418a721,79155,0xbc2d6E7c81E7f35473b3594031FCC4c519fD24Ad,0,0xc5155b308d74897d42daac2a4810b2b65f2c065e,1,190000000000000,29670000,140578,4984752,1743104255,0xb54d3621187d03f3230ebcf5ccdc183626d944179e2fcef08b05d37bfdc05443,NewSale
0xE4f4BaEd82d30f2244fE1722aeda37dEF4B38Ddc,79008,0xdc0F91C5a4D200FfC21658901c77c0fE1A14d199,0,0x39afe2176de832be2a5164e5fc91e27d1355c88d,1,655000000000000,29930000,167283,4984775,1743104301,0x0449eec8bcfd7554a03358c5759815f2b82b2d0508edad516c5bbda0a5233994,NewSale
0x813eadE4f056F7FbE53C4032a88a933013ee87d7,79127,0xbc2d6E7c81E7f35473b3594031FCC4c519fD24Ad,0,0xd568fd0c9f948214c542c99a12b4da130b4b9d32,1,200000000000000,29580575,140578,4984778,1743104307,0x3b150422bad34cbbb63d03ffdb9570679969088af68a5d9627fd7e6f9ef10cc4,NewSale
0x813eadE4f056F7FbE53C4032a88a933013ee87d7,79143,0xbc2d6E7c81E7f35473b3594031FCC4c519fD24Ad,0,0xd568fd0c9f948214c542c99a12b4da130b4b9d32,1,200000000000000,29550325,140578,4984806,1743104363,0xedccdc908731f258c11f1e7b0142637f020e78c3d1ad3aa74e974192b51111eb,NewSale
0xefFcEa37B1006aD2d5aaff41EA130F68051111C1,77788,0xbc2d6E7c81E7f35473b3594031FCC4c519fD24Ad,1,0x8248d298c1d144f0e8dabc21cfd935aed14b8636,1,300000000000000,29534015,152890,4984806,1743104363,0xa6d6d3d9cd877cf46cebdad592292a50f15e357a150a1b655e9a39dae19d9bf3,NewSale
0x6e9Da7cBdD2DC85d19d076d1b85b2EC75b1820c2,79153,0xbc2d6E7c81E7f35473b3594031FCC4c519fD24Ad,0,0xa6e6fa716b55a08f3f75e8b99d954725bbf56927,1,300000000000000,29130476,140590,4984846,1743104443,0x5173e915c9f31a587df6074524dc04626757cb989fed52afe4504d9fb072e1df,NewSale
0xc3240eC4aa7362AC7b81eD45F3f7A084D4C4d551,79142,0x4489A334E66076933e76337E3eC7376BA84f0864,0,0x3399fb260be18407f1447bb5a7e2f47243fc490c,1,500000000000000,29290000,167283,4984850,1743104451,0xa3c3233fe849bcc1beeeb6073012fcab2c0ed94bac30b09abcd1c91b6c1c17c3,NewSale
0x9BC51282abC5e2a40C51598995ABa76b5f0202aC,79168,0xdc0F91C5a4D200FfC21658901c77c0fE1A14d199,0,0x39afe2176de832be2a5164e5fc91e27d1355c88d,1,10000000000000,33110000,145371,4984881,1743104513,0x457a050967b1b7c370bbdb2eb2ec868e075edd5eee8d6a478c8416bb75c71d63,NewSale
0x813eadE4f056F7FbE53C4032a88a933013ee87d7,79132,0xbc2d6E7c81E7f35473b3594031FCC4c519fD24Ad,0,0xf6599984411f3c39196e3c796fca70b79ef11f02,1,200000000000000,29385787,135778,4984881,1743104513,0x6385ebad3199bef5497c2ef5e1da537bfbaab8560d175536a3125da8e18b4195,NewSale
0x81D901B9d440Eec6A0dD4565E68aDF1703164Fc4,79030,0xbc2d6E7c81E7f35473b3594031FCC4c519fD24Ad,1,0xf6599984411f3c39196e3c796fca70b79ef11f02,1,249000000000000,29350567,152878,4984896,1743104543,0x9e6ac7694a03d9b4efec2e18e57a52143819f53ef5817f0d9a50ba86ad069bee,NewSale
0x6e9Da7cBdD2DC85d19d076d1b85b2EC75b1820c2,79160,0xbc2d6E7c81E7f35473b3594031FCC4c519fD24Ad,1,0x06973767b6855a9aeffa72725beff2ac2724b0cc,1,244000000000000,29420000,157678,4984897,1743104545,0x7454061117d4e9b6089c95073d099f1665a5cb46929b1c8377975e745df9ba39,NewSale
0x230bFf75310590b1Ac4B5Fd4fb34A7cee8282Ea9,73330,0x6aD26D68bFf8cAD6bAaeA257832854e58B08150E,5,0x1f233153ce6e8a579edb0080cc831cc73e1d0d63,1,600000000000000,29484826,164771,4984905,1743104561,0xa4bfd47f962764b63d0689fa720b344ef06a5ce0b09ed3fe44d3662326fb099c,NewSale
0xeF0Ef28b882d166B732d00A01Ea762B9CCd3FE44,79075,0xbc2d6E7c81E7f35473b3594031FCC4c519fD24Ad,1,0xf6599984411f3c39196e3c796fca70b79ef11f02,1,248000000000000,29380294,142189,4984913,1743104577,0x37f279df59cc7e11b795d53db9ec2400101a8dc29642820b506793e7f997d3ec,NewSale
0xC5155b308d74897D42DAAc2a4810b2B65f2c065E,79171,0xbc2d6E7c81E7f35473b3594031FCC4c519fD24Ad,0,0xe8b3c588d7fe23e3e174075704f1055274247d0b,1,190000000000000,29410000,140578,4984919,1743104589,0xafee3d72f67a1daf3101a12195692368f21be6d4b010fa93da4ce1623b10fd13,NewSale
0x6e9Da7cBdD2DC85d19d076d1b85b2EC75b1820c2,79167,0xbc2d6E7c81E7f35473b3594031FCC4c519fD24Ad,1,0xf456141b8fbdbe7b5417e9f5e3adc1c11cac8481,1,300000000000000,35406429,157690,4984928,1743104607,0x81da414968607caa211f7c9b292dc4b74a9edcf19f59619b5177832151922bb8,NewSale
0x6e9Da7cBdD2DC85d19d076d1b85b2EC75b1820c2,79165,0xbc2d6E7c81E7f35473b3594031FCC4c519fD24Ad,1,0xa6e6fa716b55a08f3f75e8b99d954725bbf56927,1,300000000000000,29561007,157690,4984938,1743104627,0x4bb4f098d9f51341d155eba69564eed38c567ca0a1f047e670903e4e61e76536,NewSale
0x36917037A8147b2691F7E1F8c0864B8Ef4b816F2,79091,0xbc2d6E7c81E7f35473b3594031FCC4c519fD24Ad,0,0x06973767b6855a9aeffa72725beff2ac2724b0cc,1,249800000000000,29420000,140578,4984942,1743104635,0x1d405fcf152447bc7e6dadc79fe6e5deaa3dc73431159db76e6feac853ae8554,NewSale
0xeF0Ef28b882d166B732d00A01Ea762B9CCd3FE44,79075,0xbc2d6E7c81E7f35473b3594031FCC4c519fD24Ad,1,0xf6599984411f3c39196e3c796fca70b79ef11f02,1,248000000000000,29544716,142189,4984944,1743104639,0x95b2bd28c8696988c83299ef3948878ba7718788d0b0692c07788530a9b8ea9c,NewSale
0xeF0Ef28b882d166B732d00A01Ea762B9CCd3FE44,79075,0xbc2d6E7c81E7f35473b3594031FCC4c519fD24Ad,1,0xf87f7dcd73c57622f379e4f4942c70f425000d1f,1,248000000000000,29623638,159277,4984949,1743104649,0xcc69963c39cddd43416de0760fd0d7a3c7dd1cbbdccda4f499d306aa0115e28b,NewSale
0xeF0Ef28b882d166B732d00A01Ea762B9CCd3FE44,79075,0xbc2d6E7c81E7f35473b3594031FCC4c519fD24Ad,1,0x06973767b6855a9aeffa72725beff2ac2724b0cc,1,248000000000000,29500000,142189,4984961,1743104673,0x58d0ee5ceeed726440e13618ec3b286f4a1d222d2bbb6dba0b599b6890c22faa,NewSale
0xeF0Ef28b882d166B732d00A01Ea762B9CCd3FE44,79075,0xbc2d6E7c81E7f35473b3594031FCC4c519fD24Ad,1,0xf87f7dcd73c57622f379e4f4942c70f425000d1f,1,248000000000000,29791083,142177,4984963,1743104677,0x8913be67ab212e50f83b7947506ee2325bd6fd5ff56284b40c6b8a3133fce86e,NewSale
0x2FEd657e370AfBB6d1862C4181F355Efac0c8902,79038,0xbc2d6E7c81E7f35473b3594031FCC4c519fD24Ad,1,0xf87f7dcd73c57622f379e4f4942c70f425000d1f,1,249000000000000,29922480,135766,4984975,1743104701,0x46f3bd7251491a6f3005fb54658dfbf6af0f97ae88b4c3db925b1129c13ec717,NewSale
0x01Db5f99cB01708Ec8b17e48B1ea29d98c29fe63,79014,0xbc2d6E7c81E7f35473b3594031FCC4c519fD24Ad,1,0x06973767b6855a9aeffa72725beff2ac2724b0cc,1,249900000000000,29770000,135778,4984976,1743104703,0xe453232814b47b248e16e254f8d8ae2b743ce86342421d75fad1a557e6a5bd4f,NewSale
0x86309A3fAA8eDd3CE389ecD1C5592CA758FE20C6,79172,0xbc2d6E7c81E7f35473b3594031FCC4c519fD24Ad,1,0x1e92c3835844093e85264ff3474cd3d3a8e2d55d,1,249000000000000,29833655,152878,4984987,1743104725,0x61b47cea7229cc21bd7725ee92f24ec302d79bcdd84e60e9f9e7b127312fc4fb,NewSale
0xC0DEc165A5d6e6766Fbc35c977f89535899D0411,74893,0xbc2d6E7c81E7f35473b3594031FCC4c519fD24Ad,0,0x06973767b6855a9aeffa72725beff2ac2724b0cc,1,249999990000000,29820000,142201,4984989,1743104729,0x85c50ad0f6dcd1e35cefd467475304cf3346331e48fae61369b35142da10571c,NewSale
0x41307037f8CC3D9C2be98995CEd75857E268D2B6,79071,0xbc2d6E7c81E7f35473b3594031FCC4c519fD24Ad,1,0xf87f7dcd73c57622f379e4f4942c70f425000d1f,1,249900000000000,29742033,135766,4984999,1743104749,0xb7af95b6c4f7f21de46c694412d7fec91cc52f3eb95f13ba9b569f96b506f3b3,NewSale
0xC0DEc165A5d6e6766Fbc35c977f89535899D0411,74893,0xbc2d6E7c81E7f35473b3594031FCC4c519fD24Ad,0,0xf87f7dcd73c57622f379e4f4942c70f425000d1f,1,249999990000000,29957186,142189,4985013,1743104777,0x2ee71d7152fce9611a63e14d93dea541667bafe5563ad2f500071547a13d0119,NewSale
0x063e31b08eC35A6895278dE5Ad123845881d7276,79150,0xbc2d6E7c81E7f35473b3594031FCC4c519fD24Ad,1,0xf87f7dcd73c57622f379e4f4942c70f425000d1f,1,249900000000000,30005291,135766,4985025,1743104801,0xabcfc99f541c9d19501eb99a8576bf8b9cc4904ae5f6cfdd50c93e1e4b0be2e3,NewSale
0xd69bd007D646C83bc40fD98E4D3B5380EA0Ce095,79179,0xbc2d6E7c81E7f35473b3594031FCC4c519fD24Ad,1,0xf87f7dcd73c57622f379e4f4942c70f425000d1f,1,230000000000000,30302897,140566,4985039,1743104829,0x4db44b05adc63297f933eb61800228a03d2c08ebae183ca8b271a80679edb3dd,NewSale
0x355c5D1501a3075b1e109Ec7Ce7C9b2406739B29,79183,0xbc2d6E7c81E7f35473b3594031FCC4c519fD24Ad,0,0xf87f7dcd73c57622f379e4f4942c70f425000d1f,1,200000000000000,30269379,140566,4985051,1743104853,0xe32ad2a867bfd6c7c8653963c6cfdf34b46022a5325fd6508ab6cb84bb2f586a,NewSale
0xd568fD0C9f948214C542c99A12b4Da130b4B9d32,79177,0xbc2d6E7c81E7f35473b3594031FCC4c519fD24Ad,1,0xf87f7dcd73c57622f379e4f4942c70f425000d1f,1,200000000000000,30242927,135766,4985064,1743104879,0x6fb5b244b20c9b5ae3edb9e8f6f2762a810266e2d08235e9f28138ced5f7554a,NewSale
0x355c5D1501a3075b1e109Ec7Ce7C9b2406739B29,79178,0xbc2d6E7c81E7f35473b3594031FCC4c519fD24Ad,0,0xf87f7dcd73c57622f379e4f4942c70f425000d1f,1,200000000000000,30275508,140566,4985077,1743104905,0xf0bf3d0416d03072a956079072a5eee03a40d9c2dd3892ddce8022c743d9fec1,NewSale
0x6e9Da7cBdD2DC85d19d076d1b85b2EC75b1820c2,79158,0xbc2d6E7c81E7f35473b3594031FCC4c519fD24Ad,1,0xa6e6fa716b55a08f3f75e8b99d954725bbf56927,1,250000000000000,30175508,135778,4985077,1743104905,0x36f478643ad9d8d884ded0dbef64c5b15d8f2743d0f5ad01719df12ceb143e99,NewSale
0x80fd6c842CEfA5f002f6fEf82A011320ebd00794,79159,0xbc2d6E7c81E7f35473b3594031FCC4c519fD24Ad,1,0xa6e6fa716b55a08f3f75e8b99d954725bbf56927,1,249900000000000,30194242,135778,4985089,1743104929,0x1c014352709a19d644978299a88126dffcc7aec9a257de43797e2978aee3707c,NewSale
0x6e9Da7cBdD2DC85d19d076d1b85b2EC75b1820c2,79170,0xbc2d6E7c81E7f35473b3594031FCC4c519fD24Ad,0,0x1e92c3835844093e85264ff3474cd3d3a8e2d55d,1,300000000000000,30187699,140590,4985094,1743104939,0x2b308ca96019c2e24af4df8ada2abde815a084dec95054f1ab8aa196b2dd40c5,NewSale
0x355c5D1501a3075b1e109Ec7Ce7C9b2406739B29,79176,0xbc2d6E7c81E7f35473b3594031FCC4c519fD24Ad,0,0xf6599984411f3c39196e3c796fca70b79ef11f02,1,200000000000000,29985896,140578,4985102,1743104955,0xc37893d41b2f599f81bbc2a6085971753c0261f2b0fbcba4afc4b2be15dc666a,NewSale
0x0E50aC716f64aB2b97610dbea33eA9CaD6280814,78847,0x02e21A25F0038fa5BDEe9c0b77aC0c1E84d3d6f0,1954,0xa905b124fcac70756d022784b5fb0c75431267f5,1,450000000000000,30091463,155258,4985112,1743104975,0xca098bcbfbe2b590d5a7b5e5ffe5876200dff149baabb95b989ff74110332aee,NewSale
0xE8B3C588D7Fe23e3E174075704F1055274247d0B,79199,0xbc2d6E7c81E7f35473b3594031FCC4c519fD24Ad,0,0x745b9a68e2240de3a88f3cf2861f0cd5c784adb1,1,190000000000000,29820000,140578,4985134,1743105019,0x96facc636d96db76ab6243c082a8c6d60f244cf7fbdb16858a4d2e1aa5e0d4f8,NewSale
0xeF0Ef28b882d166B732d00A01Ea762B9CCd3FE44,79193,0xbc2d6E7c81E7f35473b3594031FCC4c519fD24Ad,1,0xf87f7dcd73c57622f379e4f4942c70f425000d1f,1,200000000000000,29667121,142177,4985138,1743105027,0xe54c3aa608a4506df88aeb1176362088fcad43c03f700cea7d61b84a3ef4e7d2,NewSale
0x355c5D1501a3075b1e109Ec7Ce7C9b2406739B29,79188,0xbc2d6E7c81E7f35473b3594031FCC4c519fD24Ad,0,0x39afe2176de832be2a5164e5fc91e27d1355c88d,1,200000000000000,29750000,140578,4985171,1743105093,0xb7a1b0cd6b99704879e68f4bb668f8f3f610db9f0bbe0b2ea04294ffb24bf361,NewSale
0x745b9A68e2240de3a88F3cf2861f0Cd5C784adb1,79205,0xbc2d6E7c81E7f35473b3594031FCC4c519fD24Ad,0,0x813c2398850725d31ad455c2165ab37b050de3a5,1,190000000000000,29410000,140578,4985177,1743105105,0xc69ab798c8da6c040b63c12a22f776349191d224a57eb3fed3a8e95d05f0869d,NewSale
0x30e385A63834a49d8C27f9a47F57297406336441,79169,0xdc0F91C5a4D200FfC21658901c77c0fE1A14d199,0,0x1e92c3835844093e85264ff3474cd3d3a8e2d55d,1,655000000000000,29112656,167283,4985187,1743105125,0x7b35c7a5d8679a18a40c869e26076badf2d94e298daba9f15e86caf075107864,NewSale
0x06973767b6855a9AEffA72725BEFf2ac2724b0cC,79184,0xbc2d6E7c81E7f35473b3594031FCC4c519fD24Ad,0,0x9bc51282abc5e2a40c51598995aba76b5f0202ac,1,260000000000000,29320000,140578,4985194,1743105139,0xfd91d409392e9efb08b91252945230d5fd04e5ff279f2055326597fb57aec644,NewSale
0xeF0Ef28b882d166B732d00A01Ea762B9CCd3FE44,79193,0xbc2d6E7c81E7f35473b3594031FCC4c519fD24Ad,1,0x0e7bd44f0fb130f4adad79d45f995a2b16b1107f,1,200000000000000,29099677,159289,4985224,1743105199,0xff7360033fadee2fbc1481121bc8cbc4ba7049b04a42b2eacdb2e2e710ea7398,NewSale
0x355c5D1501a3075b1e109Ec7Ce7C9b2406739B29,79192,0xbc2d6E7c81E7f35473b3594031FCC4c519fD24Ad,0,0x39afe2176de832be2a5164e5fc91e27d1355c88d,1,200000000000000,29150000,140578,4985255,1743105261,0xd6b18f46bb9df6e833d2a920af91d8b9d197c5c18efab3f1de3aca0ece442a00,NewSale
0x355c5D1501a3075b1e109Ec7Ce7C9b2406739B29,79209,0xbc2d6E7c81E7f35473b3594031FCC4c519fD24Ad,0,0x1e92c3835844093e85264ff3474cd3d3a8e2d55d,1,200000000000000,29420161,140578,4985256,1743105263,0x13185a492a46b24ba06245063d1b19fd8ba4ee0f6a1cded5e975e3be866c5428,NewSale
0x813c2398850725d31aD455C2165Ab37B050dE3a5,79214,0xbc2d6E7c81E7f35473b3594031FCC4c519fD24Ad,0,0x39afe2176de832be2a5164e5fc91e27d1355c88d,1,190000000000000,29440000,140578,4985279,1743105309,0x12c808fa4a7fe64cc567a6d1a1d57961a6d42b096d10531311ff13767e1b9193,NewSale
0x6F8CEb284daf956d03dfC8696CeB41CDd234F175,79220,0xbc2d6E7c81E7f35473b3594031FCC4c519fD24Ad,0,0x80fe121b69163e17bd4e9cc573652e29e48fa4ae,1,180000000000000,29352328,140578,4985303,1743105357,0x1c7f78224053f85ab4a0c60116a24eed339c69975b1ac9ec5a733e76e07d8f47,NewSale
0x813c2398850725d31aD455C2165Ab37B050dE3a5,79218,0xbc2d6E7c81E7f35473b3594031FCC4c519fD24Ad,0,0x65e30583c1939344d57bbcdf3a1bbb28d41164f3,1,190000000000000,29540000,140578,4985305,1743105361,0x20dbf4582426701614d08c8de4aad0f66155e83cf8b2606a3ac1353465e98ec5,NewSale
0xDb31a22106286fFA7C5c63420B5876E79FB7f2ee,79207,0xbc2d6E7c81E7f35473b3594031FCC4c519fD24Ad,1,0x1e92c3835844093e85264ff3474cd3d3a8e2d55d,1,249900000000000,29505824,135778,4985317,1743105385,0x2765f6470e2a0d2c632b767a61fc7ad93fe531b7d9b6c4fb69a7f44b5debd544,NewSale
0xC0DEc165A5d6e6766Fbc35c977f89535899D0411,77663,0xbc2d6E7c81E7f35473b3594031FCC4c519fD24Ad,0,0x6c31212a23040998e1d1c157ace3982abdbe3154,1,249999950000000,29292774,142201,4985329,1743105409,0xd0679e6250e49135b6a1a2af00e09cd4118aed2b4a0f70e9f2d95e02e88e70b0,NewSale
0x6F8CEb284daf956d03dfC8696CeB41CDd234F175,79217,0xbc2d6E7c81E7f35473b3594031FCC4c519fD24Ad,0,0xdb29aadc3535697dc69ac1f1e08283040ec392e6,1,190000000000000,29240000,140578,4985340,1743105431,0xf883e469ac41e6455d575212f2224149d5dfb6af387662f3ecf940bde646b9d8,NewSale
0x059eA47980ed76634A0f6C7739fE8b714321b963,79232,0xbc2d6E7c81E7f35473b3594031FCC4c519fD24Ad,1,0x1e92c3835844093e85264ff3474cd3d3a8e2d55d,1,249900000000000,28925719,135778,4985405,1743105561,0x8735097946f74d7476ddca2361f82bc311c4a77902730ec2069b15ff752a7426,NewSale
0x6F8CEb284daf956d03dfC8696CeB41CDd234F175,79223,0xbc2d6E7c81E7f35473b3594031FCC4c519fD24Ad,0,0xed71250a2f05764462ac0e5ab9392863acb69965,1,190000000000000,56716825,135778,4985408,1743105567,0x4203177c1c3e22a81515fb085a0eff212c5ca30a8abd7422267d8e8e21b05b8a,NewSale
0xdB29Aadc3535697dc69Ac1f1E08283040ec392e6,79237,0xbc2d6E7c81E7f35473b3594031FCC4c519fD24Ad,0,0xdaaf2c3baf012f29451380246f78e7c0e289ea7a,1,190000000000000,28833013,140578,4985412,1743105575,0x4fc855f76f0fa94568eef8685af5e80bcdd1b5719270cefff5022450c9dabbc5,NewSale
0xeF0Ef28b882d166B732d00A01Ea762B9CCd3FE44,79193,0xbc2d6E7c81E7f35473b3594031FCC4c519fD24Ad,1,0xed71250a2f05764462ac0e5ab9392863acb69965,1,200000000000000,29222577,159289,4985424,1743105599,0x7ecd1253e1818314073d5cd8620f20743fe469fa98e1d1ecbfbab5dbc81e0fcb,NewSale
0x813c2398850725d31aD455C2165Ab37B050dE3a5,79224,0xbc2d6E7c81E7f35473b3594031FCC4c519fD24Ad,0,0x7b8961c71f8006366cfa7e9714f2ad002418a721,1,190000000000000,28760000,135766,4985438,1743105627,0xccd9a79a6cb2bea8f19231c4a195df444f3037e04e9b4040dada2a93e9d4e092,NewSale
0xdB29Aadc3535697dc69Ac1f1E08283040ec392e6,79238,0xbc2d6E7c81E7f35473b3594031FCC4c519fD24Ad,0,0xed71250a2f05764462ac0e5ab9392863acb69965,1,190000000000000,28830618,135778,4985443,1743105637,0x608e3032343f09b743af792eac58002ca14ef69f66cdd47ea4e032a4d2f82a13,NewSale
0x230bFf75310590b1Ac4B5Fd4fb34A7cee8282Ea9,73326,0x6aD26D68bFf8cAD6bAaeA257832854e58B08150E,9,0x301a932d3faba362fd5fe592039f74658dc0945a,1,600000000000000,28756902,164783,4985449,1743105649,0x873bf72fbe06257e4f026e1eaf970f14ae810f400a61bd0a465785dc5bbc5ccf,NewSale
0x80fe121B69163E17bd4e9CC573652e29E48fa4ae,76985,0xbc2d6E7c81E7f35473b3594031FCC4c519fD24Ad,0,0xe0c543446646c78bc13acafdf4650ab508279d29,1,19800000000000000000,28721989,182166,4985450,1743105651,0x6e954d603f8c425950797b54bfc69623105a7f1f2651b378bf092a44bbf14f6d,NewSale
0x571fd958629172CFA7AA2b8819956Dee32d35aA9,79236,0xbc2d6E7c81E7f35473b3594031FCC4c519fD24Ad,1,0xdaaf2c3baf012f29451380246f78e7c0e289ea7a,1,249000000000000,28606650,152878,4985470,1743105691,0xf92b72d4bacc5da9e3fca572f666a8d024006f0b9116b8672449f20203b1596c,NewSale
0x80fe121B69163E17bd4e9CC573652e29E48fa4ae,79098,0xbc2d6E7c81E7f35473b3594031FCC4c519fD24Ad,0,0xe0c543446646c78bc13acafdf4650ab508279d29,1,19500000000000000000,28705110,165066,4985471,1743105693,0xf6d1e55a3313dc13d8d871272d4943eefc509daa9991ada0889434c945805541,NewSale
0xf87f7DCD73c57622f379E4f4942C70F425000D1f,79216,0xbc2d6E7c81E7f35473b3594031FCC4c519fD24Ad,1,0x18ed7c97a5ce50e9bac73d0c74c1416127ecf6b5,1,220000000000000,28660000,157678,4985489,1743105729,0x5ca4ca3a0697b712fdc52b69de5e2b71ec5071ad4e9ef3203c045bb77804d06a,NewSale
0x355c5D1501a3075b1e109Ec7Ce7C9b2406739B29,79215,0xbc2d6E7c81E7f35473b3594031FCC4c519fD24Ad,0,0xed71250a2f05764462ac0e5ab9392863acb69965,1,200000000000000,28306757,140578,4985508,1743105767,0xa0e13c575138b2d01c9714a638493dcd682732dd41d23443a1640f7a0a32ffa0,NewSale
0x7B8961c71F8006366Cfa7e9714F2ad002418a721,79248,0xbc2d6E7c81E7f35473b3594031FCC4c519fD24Ad,0,0xc5155b308d74897d42daac2a4810b2b65f2c065e,1,190000000000000,28210000,140578,4985531,1743105813,0xc5e1c7df48a511fdc802e8e01251579179414b85efe835c0445f3826be9d3a75,NewSale
0xeF0Ef28b882d166B732d00A01Ea762B9CCd3FE44,79247,0xbc2d6E7c81E7f35473b3594031FCC4c519fD24Ad,1,0xed71250a2f05764462ac0e5ab9392863acb69965,1,15000000000000,28458565,140578,4985532,1743105815,0xc0b156f0faa09db6df435a8ffbaaf20a270b44c707e2b78a7fcab036f826f7ad,NewSale
0x59111035F7afe4d66De0fb63A321E274CB90C00F,79243,0xbc2d6E7c81E7f35473b3594031FCC4c519fD24Ad,1,0xdaaf2c3baf012f29451380246f78e7c0e289ea7a,1,249000000000000,28292392,135778,4985542,1743105835,0x8b559936737c38c740ac6c254941f6ea45f7890ff451dff693db4738e3d03d21,NewSale
0x4C30Ae8533AEAB84f460eae3d6A750f01E38E310,78830,0x3C64026f79C997E422d84ACf7c318C28c73DDAaA,19,0xe06b9a01b50f2a4d8efaa4bb1c8a28da13e54ee7,1,600000000000000,28736152,162483,4985573,1743105897,0xed83a846dc6db924a6c4b84b73ae32ef584c44b34284c57ac4dbc9da51743e32,NewSale
0x44f4E6cAD43BD11F9F8390FffE0834158a81edc4,79230,0xbc2d6E7c81E7f35473b3594031FCC4c519fD24Ad,1,0xdaaf2c3baf012f29451380246f78e7c0e289ea7a,1,249000000000000,28887323,135778,4985586,1743105923,0xc9671574b96974bacf24c3b706aa302cc98ca13822e35c705cb4462b6d941b1d,NewSale
0x54D46b34568d2891E33f33a91c5d5fe1e0b618c9,79234,0xbc2d6E7c81E7f35473b3594031FCC4c519fD24Ad,1,0xdaaf2c3baf012f29451380246f78e7c0e289ea7a,1,249000000000000,28929913,135778,4985590,1743105931,0x8de7f68e728275c1d94937b0c0b286da0468b8c1c69cc23d82999cb3123b2447,NewSale
0x7B8961c71F8006366Cfa7e9714F2ad002418a721,79255,0xbc2d6E7c81E7f35473b3594031FCC4c519fD24Ad,0,0xed71250a2f05764462ac0e5ab9392863acb69965,1,190000000000000,28972452,135778,4985594,1743105939,0x7a83dd9744db796124289b9465978c98187eb5f23a38ee10f6415bef4566d640,NewSale
0xC5155b308d74897D42DAAc2a4810b2B65f2c065E,79262,0xbc2d6E7c81E7f35473b3594031FCC4c519fD24Ad,0,0xe8b3c588d7fe23e3e174075704f1055274247d0b,1,190000000000000,28890000,140578,4985612,1743105975,0x56c327292b0b842335087efc9c837915e6764a87e3cda23801d506044faedc0c,NewSale
0x57d1B3eF44E2A3533865a7042448f2d897181C98,79263,0xdc0F91C5a4D200FfC21658901c77c0fE1A14d199,0,0x4797b4e6472b6eea030b0661a495de6fc042089e,1,650000000000000,27814349,167283,4985631,1743106013,0xd7bbd07192299e814946e7f4e9966812f094cd8b35fe7554b7bd74c14130fd34,NewSale
0x1E92c3835844093e85264FF3474Cd3D3a8e2d55D,79213,0xdc0F91C5a4D200FfC21658901c77c0fE1A14d199,0,0xed71250a2f05764462ac0e5ab9392863acb69965,1,600000000000000,29045709,145383,4985643,1743106037,0x1b6a47ec4c64dd61fad647f90b7ccd41970bc38defbd2933ac5eb4e353c36864,NewSale
0xE8B3C588D7Fe23e3E174075704F1055274247d0B,79278,0xbc2d6E7c81E7f35473b3594031FCC4c519fD24Ad,0,0x745b9a68e2240de3a88f3cf2861f0cd5c784adb1,1,190000000000000,29270000,140578,4985680,1743106111,0x537affaf55299c146fa04cace68f92d0a9da70368a261c5291eb22ad0078d182,NewSale
0x39afE2176De832BE2A5164e5fC91E27D1355c88d,79279,0xdc0F91C5a4D200FfC21658901c77c0fE1A14d199,0,0x534d4e798b2644266e4c431545925aeb2ce764bb,1,620000000000000,29040000,167283,4985726,1743106203,0x34e0d55ae6a194c4e73617adf60cbf0cb83fc9052967d9b038e3d8a2a64fe433,NewSale
0x860078e42fCD17f7b3275D952626200597D73dF5,78812,0xEB255E4669Da7FeEf1F746a5a778b4e08b65a1A7,0,0x0e7bd44f0fb130f4adad79d45f995a2b16b1107f,1,400000000000000,28848271,162471,4985737,1743106225,0x7eaf2b2c6a29518f39b5f49fdd4b2c7f994faee71d9bf225ce6d895ff1f5f2a0,NewSale
0x745b9A68e2240de3a88F3cf2861f0Cd5C784adb1,79286,0xbc2d6E7c81E7f35473b3594031FCC4c519fD24Ad,0,0x923cd36115817d59c51f33e0b5832d7b70ef2530,1,190000000000000,28570000,140578,4985786,1743106323,0xc73c6ecffae0fea42563e6dc4099fbb397ce0b0971841dc66b9219f4b5ffeefa,NewSale
0x0E50aC716f64aB2b97610dbea33eA9CaD6280814,78841,0x02e21A25F0038fa5BDEe9c0b77aC0c1E84d3d6f0,1946,0xbaa9672503be4067ccc6ebb08bee52af3e0b3b4c,1,26000000000000000000,28084051,161010,4985815,1743106381,0xeb1393905668c9fb5815fe439c83ac0d29920a9c7fc2cbbe058a3a7fd4fd8422,NewSale
0xA905b124Fcac70756D022784B5fb0c75431267f5,79289,0x02e21A25F0038fa5BDEe9c0b77aC0c1E84d3d6f0,1954,0xf24287eb58615fbf0eaf79c3791211fa9df8bc08,1,500000000000000,27681461,150458,4985849,1743106449,0xec1e6633c56f291ec552c0c92d2ad2521ceaf4c5554f3bd0f23d44d5407e1d65,NewSale
0xE4f4BaEd82d30f2244fE1722aeda37dEF4B38Ddc,78807,0x02e21A25F0038fa5BDEe9c0b77aC0c1E84d3d6f0,1744,0x0e7bd44f0fb130f4adad79d45f995a2b16b1107f,1,960000000000000,27429449,155246,4985879,1743106509,0x476f1dc82e50a2acd8bab3825c4f258bbc887e5c51603a19c182f75d5825f1bd,NewSale
0xC5155b308d74897D42DAAc2a4810b2B65f2c065E,79264,0xbc2d6E7c81E7f35473b3594031FCC4c519fD24Ad,0,0xeed9b638b4702809299ea706d83826be650b8bc8,1,190000000000000,27390000,135778,4985882,1743106515,0x6eed17b4b30ab58036c5cc8c069a4728c75b34dc6fdacc6565adb4208642ae1d,NewSale
0x355c5D1501a3075b1e109Ec7Ce7C9b2406739B29,79200,0xbc2d6E7c81E7f35473b3594031FCC4c519fD24Ad,0,0xeed9b638b4702809299ea706d83826be650b8bc8,1,200000000000000,27390000,140578,4985892,1743106535,0xfed1aab77dbb2060aca799c90ba4019ed33e517ee91ff5e9de6f21fe9e663bd0,NewSale
0x1E92c3835844093e85264FF3474Cd3D3a8e2d55D,79235,0xbc2d6E7c81E7f35473b3594031FCC4c519fD24Ad,1,0xeed9b638b4702809299ea706d83826be650b8bc8,1,200000000000000,27710000,157678,4985895,1743106541,0x3272b48dd11cf85fa58d275d8d144c9b81988b7d6b45f17ffeb49569a41a4fe7,NewSale
0x355c5D1501a3075b1e109Ec7Ce7C9b2406739B29,79196,0xbc2d6E7c81E7f35473b3594031FCC4c519fD24Ad,0,0x18ed7c97a5ce50e9bac73d0c74c1416127ecf6b5,1,200000000000000,27470000,140578,4985895,1743106541,0x022faf7ad70a53c8e749e2b65c591afde4dde290ac9fd57c78deb5dcb1489927,NewSale
0xE8B3C588D7Fe23e3E174075704F1055274247d0B,79273,0xbc2d6E7c81E7f35473b3594031FCC4c519fD24Ad,0,0xeed9b638b4702809299ea706d83826be650b8bc8,1,190000000000000,27710000,135778,4985898,1743106547,0x184d7a4ec61e4c8dad8c5e9f89215504c0310621511d533e443376b59c324027,NewSale
0x39afE2176De832BE2A5164e5fC91E27D1355c88d,79281,0xdc0F91C5a4D200FfC21658901c77c0fE1A14d199,0,0x2e7fe8551847302a76c9c2201b7228fe382d8a82,1,620000000000000,27710000,162483,4985901,1743106553,0x61c4c3c6cc22f861f8d02283671df8a0fb5f0b07bfc40c1ee9195eebfb80a5a7,NewSale
0x1E92c3835844093e85264FF3474Cd3D3a8e2d55D,79241,0xbc2d6E7c81E7f35473b3594031FCC4c519fD24Ad,1,0xeed9b638b4702809299ea706d83826be650b8bc8,1,200000000000000,27700000,140578,4985902,1743106555,0xcb9e97bf1d1ba195ede7721e499df4cdaf6a0ba670c56be8763772a509e6d4e2,NewSale
0x1E92c3835844093e85264FF3474Cd3D3a8e2d55D,79244,0xbc2d6E7c81E7f35473b3594031FCC4c519fD24Ad,1,0xeed9b638b4702809299ea706d83826be650b8bc8,1,200000000000000,27700000,135778,4985905,1743106561,0xd28665a8e2a83ea939b8d1f79d08d791022ad5d4d6801bf05b4cdb61c28a2466,NewSale
0xDaaF2c3bAf012f29451380246f78E7c0e289ea7a,79275,0xbc2d6E7c81E7f35473b3594031FCC4c519fD24Ad,1,0xeed9b638b4702809299ea706d83826be650b8bc8,1,200000000000000,27650000,140578,4985909,1743106569,0xf0d5f119f4eee70c3eec3f13a71f90dd4f83cd0006b3f69d11a2e75143c390e1,NewSale
0x745b9A68e2240de3a88F3cf2861f0Cd5C784adb1,79283,0xbc2d6E7c81E7f35473b3594031FCC4c519fD24Ad,0,0xeed9b638b4702809299ea706d83826be650b8bc8,1,190000000000000,27650000,135778,4985911,1743106573,0x2b7913290881ef571824521b134e1832361fdc5b88a74f9cc7129ccbc659eb3d,NewSale
0x355c5D1501a3075b1e109Ec7Ce7C9b2406739B29,79204,0xbc2d6E7c81E7f35473b3594031FCC4c519fD24Ad,0,0xeed9b638b4702809299ea706d83826be650b8bc8,1,200000000000000,27590000,140578,4985916,1743106583,0x5d6b2d96a9072bf96faaba75274cead95d233b75527b6fb4930fae9c0c739e41,NewSale
0x80fe121B69163E17bd4e9CC573652e29E48fa4ae,79098,0xbc2d6E7c81E7f35473b3594031FCC4c519fD24Ad,0,0x61a448518edaec48fdcb17eda51e9558d8da0d7d,1,19500000000000000000,40000000,165066,4985973,1743106697,0xc60c01a53b8e4ed6408137d8610e1a50eaf35ef40549ae57f2b5a30456be02d3,NewSale
0xeF0Ef28b882d166B732d00A01Ea762B9CCd3FE44,79300,0xbc2d6E7c81E7f35473b3594031FCC4c519fD24Ad,1,0xeed9b638b4702809299ea706d83826be650b8bc8,1,185000000000000,27740000,140578,4985981,1743106713,0xafdd33b6d5834947322a9c2db821c59d58ba03268b406bfa62fbd8bc896f5173,NewSale
0xbAa9672503be4067CCc6eBB08BEe52af3e0b3b4C,75945,0x2Bf46D4497e98FbA2304B0d2453922FFf559Ea02,84,0x0e7bd44f0fb130f4adad79d45f995a2b16b1107f,1,599990000000000,27620066,164783,4985987,1743106725,0xe7878be3f5301d57ee48f1d81e9473292c39223a114f3bf18e60c6c6894b4020,NewSale
0xbAa9672503be4067CCc6eBB08BEe52af3e0b3b4C,79284,0x02e21A25F0038fa5BDEe9c0b77aC0c1E84d3d6f0,1526,0x3de36d1b89511b08ff694da2eb8ec3da5123333e,1,990000000000000,27769601,155258,4986001,1743106753,0x495889c1a5afa5290964a11a047f508f7daa814d9f40aa40da6f3b33582cc1a4,NewSale
0xFFd60De56d579Ea3390FEB1C4710B29D3f1d4d43,79298,0xbc2d6E7c81E7f35473b3594031FCC4c519fD24Ad,1,0xeed9b638b4702809299ea706d83826be650b8bc8,1,188000000000000,27770000,135778,4986008,1743106767,0x6b06459aa76e701e16de358a947bc0311fe7479d6eed0926539f9a89b407e019,NewSale
0x80fe121B69163E17bd4e9CC573652e29E48fa4ae,78666,0xbc2d6E7c81E7f35473b3594031FCC4c519fD24Ad,1,0x61a448518edaec48fdcb17eda51e9558d8da0d7d,1,19500000000000000000,40000000,182166,4986013,1743106777,0xd41c9b07fc94df163bd5eacd8d4e4083765b5570c1f7ea00e167fb0011580664,NewSale
0xc3240eC4aa7362AC7b81eD45F3f7A084D4C4d551,79149,0x4489A334E66076933e76337E3eC7376BA84f0864,0,0xfadc74ce181f7a48b1363b4c90618283e91857e1,1,500000000000000,27725447,167283,4986015,1743106781,0x98b893636ef02ef9b250e2233e2eeb2b2e5e364c408d045ae40f41758f6405a5,NewSale
0x2E7FE8551847302a76C9c2201B7228fE382d8a82,79308,0xdc0F91C5a4D200FfC21658901c77c0fE1A14d199,0,0x534d4e798b2644266e4c431545925aeb2ce764bb,1,620000000000000,27680000,145383,4986024,1743106799,0x7f5f507d7f2d6c62ba75f30d0c3e7e0d686d545f4bd2b0386b98099a671709e0,NewSale
0xE4f4BaEd82d30f2244fE1722aeda37dEF4B38Ddc,79293,0xdc0F91C5a4D200FfC21658901c77c0fE1A14d199,0,0x0e7bd44f0fb130f4adad79d45f995a2b16b1107f,1,600000000000000,28201361,167283,4986047,1743106845,0x85975c47a80c44569c31c73a728268b9820b5285bb942dbad341ce6e8ed2b92b,NewSale
0xeF0Ef28b882d166B732d00A01Ea762B9CCd3FE44,79304,0xbc2d6E7c81E7f35473b3594031FCC4c519fD24Ad,1,0xffd60de56d579ea3390feb1c4710b29d3f1d4d43,1,185000000000000,28185345,157678,4986048,1743106847,0x1239ea7c4f658f0b523cef24e05b87c5c102597ea76287c1fa92844840266c75,NewSale
0xeF0Ef28b882d166B732d00A01Ea762B9CCd3FE44,79297,0xbc2d6E7c81E7f35473b3594031FCC4c519fD24Ad,1,0x88b7e194641260b63c9e2ca4adaf48982af48c83,1,185000000000000,27793693,159289,4986054,1743106859,0x732270e9416b81d4034ad9cd33c49a2ec4c09bc017764b99742febc4a2bc5609,NewSale
0xbAa9672503be4067CCc6eBB08BEe52af3e0b3b4C,76592,0x2Bf46D4497e98FbA2304B0d2453922FFf559Ea02,58,0x0e7bd44f0fb130f4adad79d45f995a2b16b1107f,1,650000000000000,28163914,164783,4986071,1743106893,0x1b13ecf9e30c91a6723c97ffbcd3dded2df49cc75a9016b21e047a2457028836,NewSale
0xeF0Ef28b882d166B732d00A01Ea762B9CCd3FE44,79297,0xbc2d6E7c81E7f35473b3594031FCC4c519fD24Ad,1,0x88b7e194641260b63c9e2ca4adaf48982af48c83,1,185000000000000,27724404,142189,4986083,1743106917,0x0d9d26a4f07ba79b6c853377ef2973925594c762bea7cf87e87a2ca1f6d35f24,NewSale
0xeF0Ef28b882d166B732d00A01Ea762B9CCd3FE44,79297,0xbc2d6E7c81E7f35473b3594031FCC4c519fD24Ad,1,0x80fe121b69163e17bd4e9cc573652e29e48fa4ae,1,185000000000000,27667985,142189,4986086,1743106923,0xb9f0d27b28737ae6b9f2223b29f9357e6121f6ffd2c1108c3214037d67ecc366,NewSale
0x66f80A55ffD549309a5352202BdD11b96C72d6eD,77725,0x2Bf46D4497e98FbA2304B0d2453922FFf559Ea02,56,0x0e7bd44f0fb130f4adad79d45f995a2b16b1107f,1,650000000000000,28157933,167283,4986092,1743106935,0x4d1f91e2a42a62e4c1bc3b8d973080dfadc6849ed4bb43a74461d7a73a94e6f6,NewSale
0x5450845A1B9BB5730E6E6a47243Ca877f78b6c1f,79081,0xbc2d6E7c81E7f35473b3594031FCC4c519fD24Ad,1,0xa2625302bcb95dbdd75ac381783f9e5e36dc3f65,1,249900000000000,27809402,152878,4986095,1743106941,0x12d3d0541405ff7b2626e4c5ae8fcbfbe3dbd9ac37c9131bbc54ed1acd8353a8,NewSale
0x80fe121B69163E17bd4e9CC573652e29E48fa4ae,78666,0xbc2d6E7c81E7f35473b3594031FCC4c519fD24Ad,1,0x61a448518edaec48fdcb17eda51e9558d8da0d7d,1,19500000000000000000,40000000,163455,4986097,1743106945,0x49d98d69f1dc7d1f0cae08f79b366309f6910388644e50aaab2822c15e23fcb0,NewSale
0xeF0Ef28b882d166B732d00A01Ea762B9CCd3FE44,79297,0xbc2d6E7c81E7f35473b3594031FCC4c519fD24Ad,1,0x80fe121b69163e17bd4e9cc573652e29e48fa4ae,1,185000000000000,27718734,142189,4986099,1743106949,0x11197edade5ac13e249620d63090a81b8d93d67691aea6f32404165453c62e8c,NewSale
0xeF0Ef28b882d166B732d00A01Ea762B9CCd3FE44,79297,0xbc2d6E7c81E7f35473b3594031FCC4c519fD24Ad,1,0x88b7e194641260b63c9e2ca4adaf48982af48c83,1,185000000000000,27768209,142189,4986108,1743106967,0x10704ff0d0f8c047d1b13580d86f87a0e6d7e916ce8fced2cbf736c58bbb0b41,NewSale
0xbAa9672503be4067CCc6eBB08BEe52af3e0b3b4C,76462,0x2Bf46D4497e98FbA2304B0d2453922FFf559Ea02,59,0x0e7bd44f0fb130f4adad79d45f995a2b16b1107f,1,690000000000000,27668209,164783,4986108,1743106967,0x22b0096d721e932415150fa9e8a55db6264bc5efd413b05f19dbc90fc75461e0,NewSale
0xeF0Ef28b882d166B732d00A01Ea762B9CCd3FE44,79297,0xbc2d6E7c81E7f35473b3594031FCC4c519fD24Ad,1,0x80fe121b69163e17bd4e9cc573652e29e48fa4ae,1,185000000000000,27638617,142189,4986114,1743106979,0x2922349bd149b705c4008be821eaa4ea4441a0f8af80a060ee612dc3ae4a5616,NewSale
0x84b13a398540953F648743aBe7EcFF276a77CD94,79313,0xbc2d6E7c81E7f35473b3594031FCC4c519fD24Ad,1,0x4797b4e6472b6eea030b0661a495de6fc042089e,1,249900000000000,27470318,152878,4986124,1743106999,0x061a084fc6d6e53f7d2dd50366701a17051533015eaa29b19e1857ece62f9e24,NewSale
0xeF0Ef28b882d166B732d00A01Ea762B9CCd3FE44,79297,0xbc2d6E7c81E7f35473b3594031FCC4c519fD24Ad,1,0x80fe121b69163e17bd4e9cc573652e29e48fa4ae,1,185000000000000,27377607,142189,4986142,1743107035,0x93cdb8a0fd1e476af7bce79907e2a2850971c8cacb83a4f9f38b6a566bbdbfb8,NewSale
0xeF0Ef28b882d166B732d00A01Ea762B9CCd3FE44,79297,0xbc2d6E7c81E7f35473b3594031FCC4c519fD24Ad,1,0x88b7e194641260b63c9e2ca4adaf48982af48c83,1,185000000000000,27420337,142189,4986143,1743107037,0xdf970875d081e5303cde75cc5fbbe207e60da5d3ad45cc2154455a2cf7f82812,NewSale
0x39afE2176De832BE2A5164e5fC91E27D1355c88d,79321,0xbc2d6E7c81E7f35473b3594031FCC4c519fD24Ad,0,0xe19087ae56cc6080d326f1b11042cc1eda789454,1,190000000000000,27640000,140578,4986148,1743107047,0x5e53dc5ea43461d55b3876264c563a64d4c07f5ca64559259a1c299c04c8f1cc,NewSale
0x80fe121B69163E17bd4e9CC573652e29E48fa4ae,78669,0xbc2d6E7c81E7f35473b3594031FCC4c519fD24Ad,0,0x61a448518edaec48fdcb17eda51e9558d8da0d7d,1,19900000000000000000,40000000,165054,4986158,1743107067,0xbdb28caf0b80e65a634fee5cf84520f085b44306aebc82ddd1e53e549fab6cfa,NewSale
0xeF0Ef28b882d166B732d00A01Ea762B9CCd3FE44,79297,0xbc2d6E7c81E7f35473b3594031FCC4c519fD24Ad,1,0x88b7e194641260b63c9e2ca4adaf48982af48c83,1,185000000000000,27119398,142189,4986167,1743107085,0x4a97d000cd52c89d36f8dad9ad116cc53b0ba4da88f28fb140ac2bc28d5123b8,NewSale
0xeF0Ef28b882d166B732d00A01Ea762B9CCd3FE44,79297,0xbc2d6E7c81E7f35473b3594031FCC4c519fD24Ad,1,0x289b21792cf8b78089a3e32ff38154c9dc8f197e,1,185000000000000,30000000,157678,4986171,1743107093,0xb3c5d81713ba5834a214cd73b28d6d809ba050d47bb381cf76a1e668b58d5df5,NewSale
0xEED9b638b4702809299Ea706D83826be650B8BC8,79317,0xbc2d6E7c81E7f35473b3594031FCC4c519fD24Ad,1,0xceda96615cdd107dc3e30e8fa932a07d1b6ce2c4,1,190000000000000,26848973,140578,4986180,1743107111,0xa255c1970630442889bb90a41902861fa5529c30142dff0b82b3199674d1646b,NewSale
0xEED9b638b4702809299Ea706D83826be650B8BC8,79318,0xbc2d6E7c81E7f35473b3594031FCC4c519fD24Ad,0,0x534d4e798b2644266e4c431545925aeb2ce764bb,1,190000000000000,27130000,140578,4986185,1743107121,0x829e57b57d57710f4f8255f2268468430f218d6397ad064a8eca0892c05f31d1,NewSale
0x39afE2176De832BE2A5164e5fC91E27D1355c88d,79315,0xbc2d6E7c81E7f35473b3594031FCC4c519fD24Ad,0,0x534d4e798b2644266e4c431545925aeb2ce764bb,1,190000000000000,27130000,140578,4986199,1743107149,0x9cb17a14517e7ce02d300804198f2029610e52bf30395d4070afb7c6c1c0518c,NewSale
0xEED9b638b4702809299Ea706D83826be650B8BC8,79329,0xbc2d6E7c81E7f35473b3594031FCC4c519fD24Ad,1,0xceda96615cdd107dc3e30e8fa932a07d1b6ce2c4,1,190000000000000,26143397,140578,4986209,1743107169,0x61fa3ab196e7197c27dd452618d14cb064049e24ad518ac5fa3cf4371f77e29a,NewSale
0x39afE2176De832BE2A5164e5fC91E27D1355c88d,79325,0xbc2d6E7c81E7f35473b3594031FCC4c519fD24Ad,0,0xa5db84c1a079eeee772f0dc6b7026de54622512f,1,190000000000000,26095699,140578,4986211,1743107173,0x84f37d5c6f79870fdc2325774f0db7ead7081a084c5eb2f3949007e225d12d7c,NewSale
0x80fe121B69163E17bd4e9CC573652e29E48fa4ae,79098,0xbc2d6E7c81E7f35473b3594031FCC4c519fD24Ad,0,0x61a448518edaec48fdcb17eda51e9558d8da0d7d,1,19500000000000000000,40000000,165066,4986225,1743107201,0x7ccce666be6c67b847b769231a8e12b8956e7a18a3b98db8137b55e384da2808,NewSale
0x80fe121B69163E17bd4e9CC573652e29E48fa4ae,79098,0xbc2d6E7c81E7f35473b3594031FCC4c519fD24Ad,0,0x61a448518edaec48fdcb17eda51e9558d8da0d7d,1,19500000000000000000,40000000,165066,4986253,1743107257,0xa411b69e22a3839d55129e522de5beba1b6ca79b9d1bde740d2bf759012ee7ce,NewSale
0x39afE2176De832BE2A5164e5fC91E27D1355c88d,79330,0xbc2d6E7c81E7f35473b3594031FCC4c519fD24Ad,0,0x534d4e798b2644266e4c431545925aeb2ce764bb,1,190000000000000,26140000,135778,4986278,1743107307,0x0159104c42b292beb494284555cbf7b4fe038bc73eeb91600ceece1f11214351,NewSale
0xFFd60De56d579Ea3390FEB1C4710B29D3f1d4d43,79310,0xbc2d6E7c81E7f35473b3594031FCC4c519fD24Ad,0,0x12bf5b2bd0b972baab9235b4fe9ab99b1d7d52d4,1,188000000000000,24838090,152878,4986282,1743107315,0x6831c327a0e514d8af7ea2feb27d2c7b839174a17be430729d398469d5408416,NewSale
0x80fe121B69163E17bd4e9CC573652e29E48fa4ae,79098,0xbc2d6E7c81E7f35473b3594031FCC4c519fD24Ad,0,0x61a448518edaec48fdcb17eda51e9558d8da0d7d,1,19500000000000000000,40000000,165066,4986288,1743107327,0x6e02afadae3f5734ff35db8c6c06f275ffbe65a78d40b60e46c96e7ee413489d,NewSale
0xbAa9672503be4067CCc6eBB08BEe52af3e0b3b4C,77432,0x2Bf46D4497e98FbA2304B0d2453922FFf559Ea02,35,0xe06b9a01b50f2a4d8efaa4bb1c8a28da13e54ee7,1,666000000000000,24587110,164783,4986298,1743107347,0xfd000f23d00ef23901e18c4f5a95d9364c28d8c5b7b493b76c429f7b667582fd,NewSale
0xfADc74ce181F7A48B1363B4c90618283e91857e1,79344,0x4489A334E66076933e76337E3eC7376BA84f0864,0,0x3de36d1b89511b08ff694da2eb8ec3da5123333e,1,499000000000000,48002499,162483,4986309,1743107369,0xef03a45cc6ba6d101291c9e4d2e0760e4f8cc70ebe51cf79e8ea7560f8eec86c,NewSale
0x80fe121B69163E17bd4e9CC573652e29E48fa4ae,79098,0xbc2d6E7c81E7f35473b3594031FCC4c519fD24Ad,0,0x61a448518edaec48fdcb17eda51e9558d8da0d7d,1,19500000000000000000,40000000,165066,4986316,1743107383,0x4c90b1264c42c53754b97398a34064636146650a2a24ed64b5c2d5d34e9b81a6,NewSale
0xbAa9672503be4067CCc6eBB08BEe52af3e0b3b4C,74108,0x2Bf46D4497e98FbA2304B0d2453922FFf559Ea02,88,0xe06b9a01b50f2a4d8efaa4bb1c8a28da13e54ee7,1,650000000000000,24231271,164783,4986319,1743107389,0x764cc6a3c3d5b4730ba4d6183739b1119bf5fb0dbd1ccdc3d7b090afd93cb559,NewSale
