listing_creator,listing_id,asset_contract,token_id,buyer,quantity_bought,total_price_paid,gas_price,gas_used,block_number,timestamp,transaction_hash,event_type
0xC0DEc165A5d6e6766Fbc35c977f89535899D0411,77663,0xbc2d6E7c81E7f35473b3594031FCC4c519fD24Ad,0,0x29147bb06ec4ec46d000771180f20f9e33c97c70,1,249999950000000,83730000,142189,5020048,1743174847,0x3fe44fd89c388cd85e3d9d170a946009ec68cb2dcf67da8c0c1c6a1fdd8dea7a,NewSale
0x595b0C33BAf0F9A553Bd43D0Bd3e60be0Cb856f0,82785,0xbc2d6E7c81E7f35473b3594031FCC4c519fD24Ad,1,0xc4fe5a39aef99c5a8ab39691cb5c835b3049c7db,1,280000000000000,82710779,140578,5020050,1743174851,0xbf48591265831f5a007e03c91bc665effbdb937398d2b69cfd0c7da4cf762f7c,NewSale
0xbb28e24033ea8E29c372811a10D545F0b1C93A49,82784,0x02e21A25F0038fa5BDEe9c0b77aC0c1E84d3d6f0,2345,0xc4fe5a39aef99c5a8ab39691cb5c835b3049c7db,1,400000000000000,82432360,155246,5020061,1743174873,0x8722cb35721208282cd89d65cf5821e4eb729321bae662b16cadb7093dc4d5ad,NewSale
0x0e39948dcE2F694b8FA5eFE220C24C3a67aD5a97,82620,0xdc0F91C5a4D200FfC21658901c77c0fE1A14d199,0,0xdae92459efd4e62d304d1a011b6df868615879be,1,620000000000000,82630000,150183,5020065,1743174881,0x2bd2402f28b4868240e0fae64c9497094a53060ad7cebbe3d8bb9f856b201185,NewSale
0xA5b9e42176E11FC1eacA41F191921AA0dc7e1afB,82630,0xbc2d6E7c81E7f35473b3594031FCC4c519fD24Ad,1,0xcf9ea4be075b2fd56923713e794699a191dd4aac,1,249000000000000,81760000,152878,5020078,1743174907,0x233be4518096d3428e0b4a817fa23a460592d6a2ca13c0e9edf7ce09c5aa4b4e,NewSale
0x737295EB79806ff69Ae5DD67e8D04050C42f25D4,82807,0xbc2d6E7c81E7f35473b3594031FCC4c519fD24Ad,1,0xc419ec29daca416514668de21e9c4e9434119de3,1,200000000000000,79997486,140578,5020089,1743174929,0x5d0e68a521f0c42b15f4632c8b4e6e7db89aced9fd8bd1587da9e7cd74dd8e60,NewSale
0x737295EB79806ff69Ae5DD67e8D04050C42f25D4,82809,0xbc2d6E7c81E7f35473b3594031FCC4c519fD24Ad,1,0xcf9ea4be075b2fd56923713e794699a191dd4aac,1,200000000000000,81220000,140578,5020091,1743174933,0xb3ed0e1ca96eefdac9cf1f7f372decacd7552c3fbcfccdc98ef9272a172de8fb,NewSale
0x595b0C33BAf0F9A553Bd43D0Bd3e60be0Cb856f0,82802,0xbc2d6E7c81E7f35473b3594031FCC4c519fD24Ad,1,0xab2171884a783a731c28ef09d5bd14803d6aa8bd,1,280000000000000,80757026,140578,5020101,1743174953,0x531e888647306ab1c057a69dc5a38ef89214d6290a3cca29739087241d0f02dd,NewSale
0x88b7e194641260b63C9e2CA4AdAf48982Af48C83,82695,0xbc2d6E7c81E7f35473b3594031FCC4c519fD24Ad,1,0xcf9ea4be075b2fd56923713e794699a191dd4aac,1,230000000000000,80620000,140578,5020103,1743174957,0xeaf6854aea03122f2bf2c22aed3d4e138998038711ea2a42c9dd59485ff7ecdf,NewSale
0x737295EB79806ff69Ae5DD67e8D04050C42f25D4,82804,0xbc2d6E7c81E7f35473b3594031FCC4c519fD24Ad,1,0xcf9ea4be075b2fd56923713e794699a191dd4aac,1,200000000000000,80460000,135778,5020116,1743174983,0xc6e8d8a0f42653e1d73688ff9909b40d8d32e184cd51544f48bae5668ef0d3dd,NewSale
0xC419eC29DAcA416514668DE21E9c4E9434119dE3,82824,0xbc2d6E7c81E7f35473b3594031FCC4c519fD24Ad,1,0xcf9ea4be075b2fd56923713e794699a191dd4aac,1,190000000000000,80110000,140578,5020129,1743175009,0x8185c2d8176f25a585bf95f772d05b44438a20db7afb409d1d08f018893305f7,NewSale
0xC419eC29DAcA416514668DE21E9c4E9434119dE3,82819,0xbc2d6E7c81E7f35473b3594031FCC4c519fD24Ad,1,0xcf9ea4be075b2fd56923713e794699a191dd4aac,1,190000000000000,79940000,140578,5020145,1743175041,0x33416ca40843dc59a1eb07393729fd25774bb5ff6efc7aa48f37c9fc07cfaf5e,NewSale
0xC419eC29DAcA416514668DE21E9c4E9434119dE3,82814,0xbc2d6E7c81E7f35473b3594031FCC4c519fD24Ad,1,0xefa555fb56a4677d38a84bccf8d5893d2836576a,1,190000000000000,81593818,135778,5020208,1743175167,0xe251802d6a7cf6853153e4b4f8b19e3227c8dd2f0ea20f9bd97d3a62d72f5d40,NewSale
0xE4f4BaEd82d30f2244fE1722aeda37dEF4B38Ddc,82264,0x02e21A25F0038fa5BDEe9c0b77aC0c1E84d3d6f0,2315,0x2314217cb99642f13d45a8c89819aec22aa5743b,1,400000000000000,81450000,155246,5020215,1743175181,0x33d8031ffb19bccdba0a60b683b759fbc2670b8deaef9732ba566630c4c23f30,NewSale
0xcf9Ea4BE075B2fd56923713e794699A191dd4aac,82830,0xbc2d6E7c81E7f35473b3594031FCC4c519fD24Ad,1,0xefa555fb56a4677d38a84bccf8d5893d2836576a,1,200000000000000,82162895,140578,5020233,1743175217,0x82da8f8c53466da028cfeff69cc1fd8dc226407b3123f96145148cac29c31edf,NewSale
0xbb28e24033ea8E29c372811a10D545F0b1C93A49,82779,0x02e21A25F0038fa5BDEe9c0b77aC0c1E84d3d6f0,2308,0x2314217cb99642f13d45a8c89819aec22aa5743b,1,400000000000000,81990000,138146,5020236,1743175223,0xca71b27a7e88352a660fb3a0ba03f2ac09cc108a6cfecf713e7912e63aaab695,NewSale
0xcf9Ea4BE075B2fd56923713e794699A191dd4aac,82829,0xbc2d6E7c81E7f35473b3594031FCC4c519fD24Ad,1,0xab2171884a783a731c28ef09d5bd14803d6aa8bd,1,225000000000000,82376469,140578,5020247,1743175245,0xecc80fcb6297e1d98680f72c0501473ba3f6b7c7fe9ea0922944202f50ce6a0a,NewSale
0x6BfEB2434492B7AFcf452e3CC648594612122B00,82673,0xbc2d6E7c81E7f35473b3594031FCC4c519fD24Ad,1,0xefa555fb56a4677d38a84bccf8d5893d2836576a,1,224000000000000,82906403,135766,5020274,1743175299,0xbe1e9e2965d47fb48b337c877d56cb87832391825ceadcc039eeed5bb7494b47,NewSale
0x9D3732727D5d56C2234264aB0154111EB91dD0CA,80983,0xDfC21bE7cC791a5f03A95E836D385bBC6d7dF384,621,0x2314217cb99642f13d45a8c89819aec22aa5743b,1,629000000000000,82690000,155258,5020303,1743175357,0xd7051d515087015333668d2f22d18a0527a2d001516767d065300ae6b7e6cb3f,NewSale
0xE4f4BaEd82d30f2244fE1722aeda37dEF4B38Ddc,82288,0xDfC21bE7cC791a5f03A95E836D385bBC6d7dF384,1367,0x2314217cb99642f13d45a8c89819aec22aa5743b,1,630000000000000,82760000,138158,5020318,1743175387,0xc7792d413f2d1f48e10214725eb5410cda94735acb1809f2f584afb161338b33,NewSale
0xcf9Ea4BE075B2fd56923713e794699A191dd4aac,82833,0xbc2d6E7c81E7f35473b3594031FCC4c519fD24Ad,1,0x4a87d5cf57933f41a3d476a033ee7f1e0c22cf04,1,222000000000000,82243918,157678,5020340,1743175431,0x7cb4d37401d25614de5ad015431db3a860856f0d582dd1e36da65ea7e243db65,NewSale
0xE4f4BaEd82d30f2244fE1722aeda37dEF4B38Ddc,82289,0xDfC21bE7cC791a5f03A95E836D385bBC6d7dF384,1366,0x2314217cb99642f13d45a8c89819aec22aa5743b,1,630000000000000,82150000,138158,5020349,1743175449,0x301304796396146d6bb72c9b400a25a7a54fee97d5a844463dd2b44b8b822845,NewSale
0xd493AeB502fb60440911826d8d401d85AA4bb110,82525,0xbc2d6E7c81E7f35473b3594031FCC4c519fD24Ad,0,0xfa1f66bfeb64f5cba03f4b3810977c76fd9f2482,1,19000000000000000000,86000000,163455,5020358,1743175467,0x77c0c2ead0c441ec12c6a17476bf5e08860a21cc5c1b35ea9e33f67fd14fdeb7,NewSale
0xd493AeB502fb60440911826d8d401d85AA4bb110,82552,0xbc2d6E7c81E7f35473b3594031FCC4c519fD24Ad,0,0xfa1f66bfeb64f5cba03f4b3810977c76fd9f2482,1,19000000000000000000,86000000,163455,5020374,1743175499,0x1858002e1a0a9dc268155ce288510b18361aa489a54612605209b132e8c50d6d,NewSale
0xbb28e24033ea8E29c372811a10D545F0b1C93A49,82811,0x02e21A25F0038fa5BDEe9c0b77aC0c1E84d3d6f0,2309,0x2314217cb99642f13d45a8c89819aec22aa5743b,1,400000000000000,82190000,138146,5020374,1743175499,0x250c8c674e2e1949cc8ec000eae74694f6bdcf11a4fa32f0bea66f93051e7a10,NewSale
0xEFA555FB56a4677d38A84bCCf8d5893D2836576A,82827,0xbc2d6E7c81E7f35473b3594031FCC4c519fD24Ad,1,0x3c76a2ea4e3618fa538aea0054c1d61fe9717069,1,21000000000000,82440000,157666,5020379,1743175509,0xcf867c2c9d4c905eee597d76474bd6bd0cad592b87ffa8ceaf81d4260157c186,NewSale
0x80fe121B69163E17bd4e9CC573652e29E48fa4ae,80886,0xbc2d6E7c81E7f35473b3594031FCC4c519fD24Ad,0,0xfa1f66bfeb64f5cba03f4b3810977c76fd9f2482,1,19500000000000000000,86000000,163455,5020388,1743175527,0x08a4a71f1a040a1ccf2105f257e9d1ab5cf0887a4829b0e5397d5c3e2056c49e,NewSale
0xE4f4BaEd82d30f2244fE1722aeda37dEF4B38Ddc,82222,0x02e21A25F0038fa5BDEe9c0b77aC0c1E84d3d6f0,2310,0x2314217cb99642f13d45a8c89819aec22aa5743b,1,420000000000000,81100000,138158,5020398,1743175547,0x0bb8273f9e9bb6255c5bc7fecb2de288c36c657553552b973823ba380e26bb7f,NewSale
0xd493AeB502fb60440911826d8d401d85AA4bb110,82548,0xbc2d6E7c81E7f35473b3594031FCC4c519fD24Ad,0,0xfa1f66bfeb64f5cba03f4b3810977c76fd9f2482,1,19000000000000000000,86000000,158655,5020402,1743175555,0x0f4dc6ed4bd044f13d2ee2e50d97c10bb59457ad15c844b69da4499f42a90108,NewSale
0xEFA555FB56a4677d38A84bCCf8d5893D2836576A,82825,0xbc2d6E7c81E7f35473b3594031FCC4c519fD24Ad,0,0x5a1fbb1997cc97db95940acdcfd3c8ba5bb48aba,1,200000000000000,81316002,140578,5020411,1743175573,0xa308a1d44d46ddf720c87aeac254506a87962884d4806320fe68902a400cb126,NewSale
0x80fe121B69163E17bd4e9CC573652e29E48fa4ae,78698,0xbc2d6E7c81E7f35473b3594031FCC4c519fD24Ad,0,0xfa1f66bfeb64f5cba03f4b3810977c76fd9f2482,1,22000000000000000000,86000000,165066,5020418,1743175587,0x92a2ca0fa1d9828660cdab6c45bf7c85294a0a84b3141d1b1ba858556eacf5ef,NewSale
0xE4f4BaEd82d30f2244fE1722aeda37dEF4B38Ddc,82257,0x02e21A25F0038fa5BDEe9c0b77aC0c1E84d3d6f0,2318,0x2314217cb99642f13d45a8c89819aec22aa5743b,1,420000000000000,81250000,138158,5020419,1743175589,0xfab52c1b12f6946ea6ca66a834f5746bcfa095900385e319e9a3ed136fcde445,NewSale
0x80fe121B69163E17bd4e9CC573652e29E48fa4ae,78698,0xbc2d6E7c81E7f35473b3594031FCC4c519fD24Ad,0,0xfa1f66bfeb64f5cba03f4b3810977c76fd9f2482,1,22000000000000000000,86000000,165066,5020430,1743175611,0xd9aec4b99ac5b2e4e5901a2ce115b71339dfa083f634a819e5b4dcf0e33ff387,NewSale
0x80fe121B69163E17bd4e9CC573652e29E48fa4ae,78698,0xbc2d6E7c81E7f35473b3594031FCC4c519fD24Ad,0,0xfa1f66bfeb64f5cba03f4b3810977c76fd9f2482,1,22000000000000000000,86000000,165066,5020446,1743175643,0xb0982eeb987834b741b9aadf93feb474c527f974c763925ba1f2f5af7e121870,NewSale
0xE4f4BaEd82d30f2244fE1722aeda37dEF4B38Ddc,82260,0x02e21A25F0038fa5BDEe9c0b77aC0c1E84d3d6f0,2317,0x2314217cb99642f13d45a8c89819aec22aa5743b,1,440000000000000,80240000,138158,5020450,1743175651,0xc76f29c471b8a3e7587cbc8182ccaad5cd4d3ece8ef071c22adbadaecac15a49,NewSale
0x80fe121B69163E17bd4e9CC573652e29E48fa4ae,81590,0xbc2d6E7c81E7f35473b3594031FCC4c519fD24Ad,0,0xfa1f66bfeb64f5cba03f4b3810977c76fd9f2482,1,24000000000000000000,86000000,165066,5020459,1743175669,0xac20b522c268a486046d869a377f5b1240890dd4519d6b7fef7818e50c55cce9,NewSale
0x404631B954e81150978a1B877E064ffEEBcadEd4,82835,0xbc2d6E7c81E7f35473b3594031FCC4c519fD24Ad,1,0x5a1fbb1997cc97db95940acdcfd3c8ba5bb48aba,1,249900000000000,80175030,152878,5020460,1743175671,0xa2c65d778f3b3a04cf6e11a6660bb3fdd941ed31319067a348728f68b2a387bb,NewSale
0x5037ec1560AA918e8f9E2405D8590F8Fd3BA6658,78510,0x02e21A25F0038fa5BDEe9c0b77aC0c1E84d3d6f0,1851,0x236812ff178f2da418b8e238dfe068687cb2848b,1,479900000000000,80323170,155258,5020468,1743175687,0xf9a2a170b15ff8b943bcd7f0ddbd14747898001f147c2ba6c2d07ae01a96b89a,NewSale
0xEFA555FB56a4677d38A84bCCf8d5893D2836576A,82834,0xbc2d6E7c81E7f35473b3594031FCC4c519fD24Ad,1,0xd3b17ccfdaff070662138aade613d52888308a9b,1,210000000000000,80249148,157678,5020471,1743175693,0x57166e21a4e11da3baef1f252ee90abf51df5f39056cbc289e2207a053415a6e,NewSale
0xC419eC29DAcA416514668DE21E9c4E9434119dE3,82836,0xbc2d6E7c81E7f35473b3594031FCC4c519fD24Ad,0,0xa03f24da09cb43b03552da2f7b56adcb9f05432b,1,190000000000000,78995599,135778,5020474,1743175699,0xdfbcfd736f3897da69af1d45a02e31615705c76002460a5decd417e01e8de972,NewSale
0x80fe121B69163E17bd4e9CC573652e29E48fa4ae,78698,0xbc2d6E7c81E7f35473b3594031FCC4c519fD24Ad,0,0xfa1f66bfeb64f5cba03f4b3810977c76fd9f2482,1,22000000000000000000,86000000,165066,5020475,1743175701,0x81d89e527a3b5de86dcd3096d956ab7cd8e4eb14ab4bcf3cb0bad456866a2467,NewSale
0xb812dEf06eDBF3F8eC85230ceAf9750D7726d8Da,82188,0x02e21A25F0038fa5BDEe9c0b77aC0c1E84d3d6f0,2108,0x2314217cb99642f13d45a8c89819aec22aa5743b,1,450000000000000,79610000,133358,5020484,1743175719,0x1fefc245d17cfcdcbf7855865bf16b2598cfcdb42814d70b09d0be6c0828dbd2,NewSale
0xEFA555FB56a4677d38A84bCCf8d5893D2836576A,82837,0xbc2d6E7c81E7f35473b3594031FCC4c519fD24Ad,1,0xa03f24da09cb43b03552da2f7b56adcb9f05432b,1,200000000000000,77857872,157678,5020496,1743175743,0xfe45f79eadeaf68f39a3b3481f4251b24bf8d0a4721ec37a9d2601a76178c5e2,NewSale
0xcf9Ea4BE075B2fd56923713e794699A191dd4aac,82831,0xbc2d6E7c81E7f35473b3594031FCC4c519fD24Ad,1,0x5a1fbb1997cc97db95940acdcfd3c8ba5bb48aba,1,233000000000000,78079691,140578,5020512,1743175775,0xc2d4c59424613819d6878ce4b13571be89dbc26fde64cccb0d50efa9b23b6d30,NewSale
0xEFA555FB56a4677d38A84bCCf8d5893D2836576A,82838,0xbc2d6E7c81E7f35473b3594031FCC4c519fD24Ad,1,0xa03f24da09cb43b03552da2f7b56adcb9f05432b,1,200000000000000,76696012,135778,5020517,1743175785,0xedc62d6c3438a67455c9239a02293e215446df619d549ffbaf6c0a6843b1cf0d,NewSale
0x80fe121B69163E17bd4e9CC573652e29E48fa4ae,78698,0xbc2d6E7c81E7f35473b3594031FCC4c519fD24Ad,0,0xfa1f66bfeb64f5cba03f4b3810977c76fd9f2482,1,22000000000000000000,86000000,165066,5020534,1743175819,0x6ba36dee24815519afd4f399732fe7fc8301bab1f07376a9224d2e4819af9bd1,NewSale
0x666D4594f2E533d33A5e09643d890d40340a94B5,82701,0xbc2d6E7c81E7f35473b3594031FCC4c519fD24Ad,1,0x08e2a6a1905d770fe485b7ae94cd28e57ad6f5bb,1,249900000000000,76122433,135778,5020553,1743175857,0x71d5ad3f5bb448af314b2813f23da2e70aa37fdf4527fe468a6459a449567de0,NewSale
0x4cBC27f0119eff29af99312049c3fd2707651FAb,82840,0xbc2d6E7c81E7f35473b3594031FCC4c519fD24Ad,1,0x4a87d5cf57933f41a3d476a033ee7f1e0c22cf04,1,249900000000000,77092232,135778,5020556,1743175863,0xc307fb7b2bffe9c5f3ea36abb2c32d63fac624b158d23089e5a35c9b5ee39e88,NewSale
0x1314e27744cdDBFd4566341C69F79099C7b1ac66,82839,0xbc2d6E7c81E7f35473b3594031FCC4c519fD24Ad,0,0xc419ec29daca416514668de21e9c4e9434119de3,1,200000000000000,75917989,157678,5020568,1743175887,0xc8009cd4f377a2ad1678b6ff272207491aea76ff53968ede2bc8164c00b8c26f,NewSale
0xcf9Ea4BE075B2fd56923713e794699A191dd4aac,82828,0xbc2d6E7c81E7f35473b3594031FCC4c519fD24Ad,1,0x5a1fbb1997cc97db95940acdcfd3c8ba5bb48aba,1,230000000000000,75657577,140578,5020594,1743175939,0x5dac38acb116603f55478d0c1b91a6a1b7d34bbe520924d2b77a285996aa94ea,NewSale
0x8fFB71A75fcD028199651F95058b78a9aD8ac4c7,82843,0xbc2d6E7c81E7f35473b3594031FCC4c519fD24Ad,1,0x08e2a6a1905d770fe485b7ae94cd28e57ad6f5bb,1,249900000000000,74657577,135778,5020594,1743175939,0x218c8f389f9570ee121401b9e73719384b6f3f39f8673764aba64fb8043e2744,NewSale
0xEFA555FB56a4677d38A84bCCf8d5893D2836576A,82816,0xbc2d6E7c81E7f35473b3594031FCC4c519fD24Ad,0,0x86e5c83148f8980ddb4db49bd0e39901cb873134,1,210000000000000,75028656,135778,5020611,1743175973,0x118c85e50b2ea8becfbfe959763b7c8bfdc9d6e3dfa48ed00085fa1113401068,NewSale
0xeF0Ef28b882d166B732d00A01Ea762B9CCd3FE44,82841,0xbc2d6E7c81E7f35473b3594031FCC4c519fD24Ad,1,0x08e2a6a1905d770fe485b7ae94cd28e57ad6f5bb,1,230000000000000,74079130,142189,5020613,1743175977,0xf89755f429c59d93fb538d6047f182fa7f79c80eaca53dd91cf0ee596ca1885b,NewSale
0x5037ec1560AA918e8f9E2405D8590F8Fd3BA6658,82349,0x02e21A25F0038fa5BDEe9c0b77aC0c1E84d3d6f0,2089,0x236812ff178f2da418b8e238dfe068687cb2848b,1,479900000000000,73878108,138158,5020632,1743176015,0x76be76f2b3a8591b5693a6bd57f7da308fe045c83785d0acada406e6f97dfb84,NewSale
0xa03f24da09Cb43b03552Da2f7B56AdCB9f05432b,82844,0xbc2d6E7c81E7f35473b3594031FCC4c519fD24Ad,0,0xd3b17ccfdaff070662138aade613d52888308a9b,1,200000000000000,73913925,157678,5020670,1743176091,0x3690358217adf139ab6dbed37c4c2a7b50001d606c251235e10952749cec5106,NewSale
0xcf9Ea4BE075B2fd56923713e794699A191dd4aac,82832,0xbc2d6E7c81E7f35473b3594031FCC4c519fD24Ad,1,0x08e2a6a1905d770fe485b7ae94cd28e57ad6f5bb,1,240000000000000,73049118,135766,5020672,1743176095,0x2e771ecf289e34ca9b7a7906d26f9096f4e471c78fef4a4a53cc030a4569773b,NewSale
0xC419eC29DAcA416514668DE21E9c4E9434119dE3,82845,0xbc2d6E7c81E7f35473b3594031FCC4c519fD24Ad,0,0xd3b17ccfdaff070662138aade613d52888308a9b,1,200000000000000,73626320,135778,5020687,1743176125,0x34c176dfc279bd7a36d61a58a6be31bc43d4575860958621c82d925d964ff41e,NewSale
0x78f9bC3bb1126E4E3Ac0D786ACF3e88b233DF542,82851,0xbc2d6E7c81E7f35473b3594031FCC4c519fD24Ad,0,0x3984332f9d2ff818558b3826f7af16e1c0f27883,1,190000000000000,73618293,135778,5020691,1743176133,0x76f87cffb6bb279fb2f5a1595c8d44d3c268908bc904cb1173a1494eb0d53ce8,NewSale
0xd3b17CCfDaFF070662138AADe613D52888308a9b,82846,0xbc2d6E7c81E7f35473b3594031FCC4c519fD24Ad,1,0x3984332f9d2ff818558b3826f7af16e1c0f27883,1,210000000000000,72793697,152878,5020706,1743176163,0x8db557c939d6f2e6e79d9555f49658fa9998417470292a713f84a7a67f568c35,NewSale
0xeF0Ef28b882d166B732d00A01Ea762B9CCd3FE44,82841,0xbc2d6E7c81E7f35473b3594031FCC4c519fD24Ad,1,0xd3b17ccfdaff070662138aade613d52888308a9b,1,230000000000000,72319515,159289,5020713,1743176177,0x48648d0a144d7be03a5c57e0e1fdff1bddb98c6e24b98df07dcf374f5f37bdbe,NewSale
0xeF0Ef28b882d166B732d00A01Ea762B9CCd3FE44,82841,0xbc2d6E7c81E7f35473b3594031FCC4c519fD24Ad,1,0x08e2a6a1905d770fe485b7ae94cd28e57ad6f5bb,1,230000000000000,71319515,142189,5020713,1743176177,0xf3d2baf7132399c97d2fa8654ec6dcbb289c3c087ed0dea657e145f2096a2fd3,NewSale
0xeF0Ef28b882d166B732d00A01Ea762B9CCd3FE44,82841,0xbc2d6E7c81E7f35473b3594031FCC4c519fD24Ad,1,0xd3b17ccfdaff070662138aade613d52888308a9b,1,230000000000000,71485351,142189,5020755,1743176261,0xc9caf3358c8b9fa0e2ff42327dbc6db1b42779274e6ca0f272728167e84e46a2,NewSale
0xeF0Ef28b882d166B732d00A01Ea762B9CCd3FE44,82841,0xbc2d6E7c81E7f35473b3594031FCC4c519fD24Ad,1,0xd3b17ccfdaff070662138aade613d52888308a9b,1,230000000000000,71142205,142189,5020772,1743176295,0x20a0c5d34e5da87c8f18f8da0d5752442b60c4118fcc84b52ed628e1ae4d4ece,NewSale
0x0e39948dcE2F694b8FA5eFE220C24C3a67aD5a97,82613,0xdc0F91C5a4D200FfC21658901c77c0fE1A14d199,0,0x71433b96713e818ed536a5e52b8b7cbf241c31da,1,1650000,71170000,203668,5020782,1743176315,0x60cd1df4075b1fb811e4fa493fb65dd446d177734438b45c577193fbf6298947,NewSale
0x1314e27744cdDBFd4566341C69F79099C7b1ac66,82856,0xbc2d6E7c81E7f35473b3594031FCC4c519fD24Ad,0,0xd3b17ccfdaff070662138aade613d52888308a9b,1,190000000000000,70551805,140578,5020801,1743176353,0x3fb051250e9bef83d0b07fbfdfbff104559482b81f40df08722e5bea6d67e8d9,NewSale
0xC0DEc165A5d6e6766Fbc35c977f89535899D0411,77659,0xbc2d6E7c81E7f35473b3594031FCC4c519fD24Ad,0,0x53d2d4c9ed3affcc4641041e29011f076a874cba,1,249999980000000,69245086,159277,5020811,1743176373,0xf03d0e02db5014855f3f902f8ad07ce035f5a5b195b8b0fb9a4e56d2f5715b83,NewSale
0xeF0Ef28b882d166B732d00A01Ea762B9CCd3FE44,82841,0xbc2d6E7c81E7f35473b3594031FCC4c519fD24Ad,1,0x5a1fbb1997cc97db95940acdcfd3c8ba5bb48aba,1,230000000000000,69765644,142189,5020826,1743176403,0x9e3a87ddf32f1ff47239d3a66e93a81119831efe8c7728b7925ac32fa93cd781,NewSale
0xE991c733b74aC6EABc06ED50A7fFB2Be5B221874,82761,0xdc0F91C5a4D200FfC21658901c77c0fE1A14d199,0,0xf8921e0329d334a24709adb6be4763bdfbc03859,1,500000000000000,69829307,150183,5020830,1743176411,0x5bf7e7be5ab278cef9da727ed9eab06d57ab4225928910f4c28813d7986ecdc9,NewSale
0xeF0Ef28b882d166B732d00A01Ea762B9CCd3FE44,82841,0xbc2d6E7c81E7f35473b3594031FCC4c519fD24Ad,1,0x53d2d4c9ed3affcc4641041e29011f076a874cba,1,230000000000000,68181325,159289,5020840,1743176431,0xf6e5ca10a959786e66ab42db58313f69741dfece9332a98609709fb7da9fcd4c,NewSale
0x3984332F9d2FF818558b3826f7Af16e1c0F27883,82858,0xbc2d6E7c81E7f35473b3594031FCC4c519fD24Ad,0,0x5a1fbb1997cc97db95940acdcfd3c8ba5bb48aba,1,220000000000000,68495463,140578,5020854,1743176459,0xb11db120bd64dcb5d28b2d773842b6032c64ce3014eb9b94a0c8c877ceef1a55,NewSale
0xa45963E08040cb5ABc5B1c4Eec0fE5aFBeF84d6F,82852,0xbc2d6E7c81E7f35473b3594031FCC4c519fD24Ad,1,0xab2171884a783a731c28ef09d5bd14803d6aa8bd,1,249900000000000,68005461,135778,5020869,1743176489,0x2a8ac071f339e74f056c89c2e5b0bb69f30dee462d79906b9239cf501a876683,NewSale
0xeF0Ef28b882d166B732d00A01Ea762B9CCd3FE44,82841,0xbc2d6E7c81E7f35473b3594031FCC4c519fD24Ad,1,0x5a1fbb1997cc97db95940acdcfd3c8ba5bb48aba,1,230000000000000,67889769,142189,5020870,1743176491,0xfa2d1179e246af0743f9060555ae60d5bced159d13cca0b8aa2346942d04ef04,NewSale
0x3984332F9d2FF818558b3826f7Af16e1c0F27883,82869,0xbc2d6E7c81E7f35473b3594031FCC4c519fD24Ad,0,0x5a1fbb1997cc97db95940acdcfd3c8ba5bb48aba,1,220000000000000,66957533,135778,5020913,1743176577,0x8eb8e0bd80ae54b32457c25ec7a850645e4e361df9508a2b452ef65105e3366e,NewSale
0x0e39948dcE2F694b8FA5eFE220C24C3a67aD5a97,82587,0xdc0F91C5a4D200FfC21658901c77c0fE1A14d199,0,0x2314217cb99642f13d45a8c89819aec22aa5743b,1,630000000000000,66920000,150183,5020925,1743176601,0xd0bfa7adf37d3b4410a84da9abc33b663f1799752705469f450c2e51784de9c7,NewSale
0xd3b17CCfDaFF070662138AADe613D52888308a9b,82861,0xbc2d6E7c81E7f35473b3594031FCC4c519fD24Ad,0,0xbe1a5e8a7d50eafe07cc95a5a6dd47b7694f9baf,1,220000000000000,66456059,140578,5020939,1743176629,0x696a90cb60f6d27eb3a263d617a0a8cfcf9d6e1c52909ade2fcc3170cdd05d60,NewSale
0xE7389a2D3efdAA1ef330a4476f423c40Af362e39,80609,0x6EF07dE7778f607b8658e743bd42Ad4Db277d54C,2,0x3e3eabbc5c48eaa3260e055bae2747c5eed958b7,1,33000000000000000000,66350000,180539,5020957,1743176665,0x7186cbc2804351c20011e6255f079d2198bb2fc669059f93bb96c516aed80b2d,NewSale
0xeF0Ef28b882d166B732d00A01Ea762B9CCd3FE44,82841,0xbc2d6E7c81E7f35473b3594031FCC4c519fD24Ad,1,0x61b5102b0c1e9590742400d29776e1044889a046,1,230000000000000,66166552,159277,5020968,1743176687,0xdab6be9d82a5182edf5b010ce44a8f6befb68125d669a2a54e801b90bb6c286e,NewSale
0xeF0Ef28b882d166B732d00A01Ea762B9CCd3FE44,82841,0xbc2d6E7c81E7f35473b3594031FCC4c519fD24Ad,1,0x53d2d4c9ed3affcc4641041e29011f076a874cba,1,230000000000000,64953396,135778,5021005,1743176761,0x86ac11be0a5dfacebb8bc0ddcceeb028c1d283b550b1d500ab2a18ec96bc0381,NewSale
0x6c7582D02Fb90949BBd367BF4fc2910A632D9A9E,82872,0xbc2d6E7c81E7f35473b3594031FCC4c519fD24Ad,1,0x53d2d4c9ed3affcc4641041e29011f076a874cba,1,234000000000000,64939783,140578,5021034,1743176819,0xf9c9ef648bd5c5bf6e0de46fcddb1e6de4403dc1681145f70d4c4a49dc383e58,NewSale
0x7B8961c71F8006366Cfa7e9714F2ad002418a721,82874,0xbc2d6E7c81E7f35473b3594031FCC4c519fD24Ad,1,0xc5155b308d74897d42daac2a4810b2b65f2c065e,1,210000000000000,65590000,152878,5021036,1743176823,0x0b73167630ddcd9ef3ba9d46916769a1f35e7ea43d41289cd5358e2125311db3,NewSale
0xd3b17CCfDaFF070662138AADe613D52888308a9b,82863,0xbc2d6E7c81E7f35473b3594031FCC4c519fD24Ad,0,0x86e5c83148f8980ddb4db49bd0e39901cb873134,1,230000000000000,65418684,140578,5021052,1743176855,0x535754f6193ce353b765664efc3eed75bc9225e5aa94b734893455a7039f748c,NewSale
0x66907de460905CB2fc07d10e2c0031D610247684,82098,0x02e21A25F0038fa5BDEe9c0b77aC0c1E84d3d6f0,2030,0xdfb06147a4bd5a3d66824a1a717cc6a06e6ac543,1,900000,65078546,188217,5021055,1743176861,0x74af345a202e7fe07f4d005ec2f50b06704fa8536a92e720dc4bfd308cdbe68a,NewSale
0xab685eb1b6aE268AFF49fC8094Ce9fE8974eC4Be,82740,0xbc2d6E7c81E7f35473b3594031FCC4c519fD24Ad,1,0x53d2d4c9ed3affcc4641041e29011f076a874cba,1,240000000000000,63610695,135766,5021076,1743176903,0x0607fd961f0054eec2665f23f17660c2cd9a0ca896218b212ac803c02a752fe6,NewSale
0xC5155b308d74897D42DAAc2a4810b2B65f2c065E,82878,0xbc2d6E7c81E7f35473b3594031FCC4c519fD24Ad,1,0xe8b3c588d7fe23e3e174075704f1055274247d0b,1,210000000000000,64850000,152878,5021114,1743176979,0x5f0ce49cdaa6dc74669304950baf23163764f631cae06217d8694994b26b097d,NewSale
0x1314e27744cdDBFd4566341C69F79099C7b1ac66,82842,0xbc2d6E7c81E7f35473b3594031FCC4c519fD24Ad,0,0xf09acb268edb27297d6aab4d7165c637d9f8fc20,1,20000000000000000000,64860000,175755,5021115,1743176981,0x1570eb084953985bc7962158474a11abb9579829385def3b475c28fdcbcf8ced,NewSale
0x100304aE09A497006c9c4AcE06A880346476706E,82873,0xbc2d6E7c81E7f35473b3594031FCC4c519fD24Ad,1,0x08e2a6a1905d770fe485b7ae94cd28e57ad6f5bb,1,249900000000000,64448089,135778,5021127,1743177005,0x0e741a7e60846425a8ae6a58a7896983e2b662f1c00ecaf54c33d271214a61fb,NewSale
0x3A284a78BfA28A22689eDb230F4B33Ad26279e07,82724,0xbc2d6E7c81E7f35473b3594031FCC4c519fD24Ad,1,0x53d2d4c9ed3affcc4641041e29011f076a874cba,1,249900000000000,64448089,135778,5021127,1743177005,0x97c1c318f228b73cf5ff323f1760520af236f8f974f2ee77d6a0cafb0c6c8140,NewSale
0x236812fF178F2DA418B8E238dFE068687cb2848b,82849,0x02e21A25F0038fa5BDEe9c0b77aC0c1E84d3d6f0,1851,0xdfb06147a4bd5a3d66824a1a717cc6a06e6ac543,1,470000000000000,65739684,138158,5021148,1743177047,0xe483a19bf0a08da6811e70abeccabb704934d6d99bc21e0128c577aa1d438eb4,NewSale
0xE7dc18d66142DBAEb760E1494d4A81c994F79b36,82636,0xbc2d6E7c81E7f35473b3594031FCC4c519fD24Ad,1,0x86e5c83148f8980ddb4db49bd0e39901cb873134,1,249000000000000,66090313,135778,5021157,1743177065,0x17be33fa8a104d9f9cc230a0dc57503416cfb1429e86d26c7f32cfa35bf460f0,NewSale
0x7c88018fB2f260f99d4A95A3e57307bfb3e26a52,82865,0xbc2d6E7c81E7f35473b3594031FCC4c519fD24Ad,1,0x08e2a6a1905d770fe485b7ae94cd28e57ad6f5bb,1,249900000000000,65289224,135778,5021159,1743177069,0x041a39e6aa1bfc4da29cb06f1a77b92aceabcee35b1c00cec26f52dd0e490925,NewSale
0x2a6D1df1B0D4062203ed49E52F5Bbb00CEF6C89F,82879,0xbc2d6E7c81E7f35473b3594031FCC4c519fD24Ad,1,0x08e2a6a1905d770fe485b7ae94cd28e57ad6f5bb,1,249900000000000,65861772,135778,5021193,1743177137,0x8a21ada99309d3fd33097b2eed26363373720dbd4b47d0ecfc86577cafa0f8d5,NewSale
0x5f4B241Ef2147eC343451f84C8226D0BbF1b7A3F,82739,0xbc2d6E7c81E7f35473b3594031FCC4c519fD24Ad,1,0x53d2d4c9ed3affcc4641041e29011f076a874cba,1,249900000000000,65730529,135778,5021201,1743177153,0x11409b4a9c48df065d5853a32bdab55d925514fb9ad2f606c195255646d4bc14,NewSale
0xE8B3C588D7Fe23e3E174075704F1055274247d0B,82890,0xbc2d6E7c81E7f35473b3594031FCC4c519fD24Ad,1,0x745b9a68e2240de3a88f3cf2861f0cd5c784adb1,1,210000000000000,66830000,152878,5021213,1743177177,0x62dbb88fef8f58c8597cc509854fc85b6602d03b0c16fa92ed073b4bdf33ea0c,NewSale
0x6c7582D02Fb90949BBd367BF4fc2910A632D9A9E,82883,0xbc2d6E7c81E7f35473b3594031FCC4c519fD24Ad,1,0x61b5102b0c1e9590742400d29776e1044889a046,1,234000000000000,66960344,140566,5021222,1743177195,0xe11824e31bb04e450e987edf0d79fd3ae1d51e10b51ebf8edb02315134b7f66d,NewSale
0xc8ea5a6D7596180EC0b8Ea9cb602776C11d60258,82871,0xbc2d6E7c81E7f35473b3594031FCC4c519fD24Ad,1,0x08e2a6a1905d770fe485b7ae94cd28e57ad6f5bb,1,249900000000000,66060344,135778,5021222,1743177195,0x20b1aa93caec98c9c106c1dba0e4da9460d43525a7c8e1d4d16364a2716a7a2c,NewSale
0xde212F2DFd0C61adC825F015275a89Af755d68ce,82895,0xbc2d6E7c81E7f35473b3594031FCC4c519fD24Ad,1,0x53d2d4c9ed3affcc4641041e29011f076a874cba,1,249900000000000,66066513,135778,5021252,1743177255,0xa0555a94185b8ff2c9361e4d70e284c8a722efe0de5153c9e0eef1b4d0c37fcc,NewSale
0xf8521C59c3a74Cd04B60573d49523f2b06F6124C,82877,0xbc2d6E7c81E7f35473b3594031FCC4c519fD24Ad,0,0x4a87d5cf57933f41a3d476a033ee7f1e0c22cf04,1,300000000000000,67157397,140590,5021271,1743177293,0x6aea225dbd5325cc326631f14c15ec6e4b464f1b98231d46a33f453a53e01a0c,NewSale
0x745b9A68e2240de3a88F3cf2861f0Cd5C784adb1,82899,0xbc2d6E7c81E7f35473b3594031FCC4c519fD24Ad,1,0xdb29aadc3535697dc69ac1f1e08283040ec392e6,1,210000000000000,66960000,152878,5021286,1743177323,0xb7e3d0a412d15fa72cabcc2adc408ec7ee2dc4aadf7d306e811bc01a54617634,NewSale
0x0eAB61b930A89249ADB58735801A572111E1776C,82699,0xbc2d6E7c81E7f35473b3594031FCC4c519fD24Ad,1,0x53d2d4c9ed3affcc4641041e29011f076a874cba,1,249900000000000,65997110,135778,5021287,1743177325,0x2c16ce5e8bf413488f09a7337d7876acae52c295e727fb1a4713485d7e9b19f6,NewSale
0x4F97F5Cd552cE5695a014017a4A391f5b0087D66,82750,0xbc2d6E7c81E7f35473b3594031FCC4c519fD24Ad,1,0x610e982bcf80427d1f8492334ece4e049f3db2c8,1,249900000000000,66293963,152878,5021316,1743177383,0x633ccf41749af6b43b520456171bb1a7456078263972bc20393b75843bf2c634,NewSale
0xbdEc88012b9a03496645078AA5b2e1F7676BA0A5,82882,0xdc0F91C5a4D200FfC21658901c77c0fE1A14d199,0,0x61b5102b0c1e9590742400d29776e1044889a046,1,600000000000000,67385000,162471,5021320,1743177391,0x9ee5645c75368826e893675d6b7d7f5e32426f07360078fd3cf7822d419b9fb9,NewSale
0xdB29Aadc3535697dc69Ac1f1E08283040ec392e6,82915,0xbc2d6E7c81E7f35473b3594031FCC4c519fD24Ad,1,0x813c2398850725d31ad455c2165ab37b050de3a5,1,210000000000000,67350000,152878,5021347,1743177445,0xdda2ea31914e6d086b403dc03e0ec545472712d77b889ee195b620e444bdffd5,NewSale
0x0e39948dcE2F694b8FA5eFE220C24C3a67aD5a97,82592,0xdc0F91C5a4D200FfC21658901c77c0fE1A14d199,0,0x2ff4e6bf5e44be06bf49abd7b01c018c54c2bf2c,1,1650000,67921972,186568,5021366,1743177483,0xbca20c676a718721cc7b3071fd281c6e653e9cc73c103ea1300bfaedd0798a08,NewSale
0xFd68eAF7b56d40606493aa40e3707B35f9B0E1e3,82891,0xbc2d6E7c81E7f35473b3594031FCC4c519fD24Ad,1,0xab2171884a783a731c28ef09d5bd14803d6aa8bd,1,249900000000000,67790282,135778,5021377,1743177505,0xb04121145e0e798c031e3a76c8552472fbe0435f6e03fa0372e06d0f00733494,NewSale
0x1427b176B0b3C85Af32472419E8fffbbE1D661bf,82901,0xbc2d6E7c81E7f35473b3594031FCC4c519fD24Ad,1,0x610e982bcf80427d1f8492334ece4e049f3db2c8,1,249900000000000,67340747,135778,5021386,1743177523,0xfe94d810196c5915a3a91ea34fa6d6d6d245a6bac60884afaaeed6eaa4a5c782,NewSale
0x30e385A63834a49d8C27f9a47F57297406336441,82881,0x02e21A25F0038fa5BDEe9c0b77aC0c1E84d3d6f0,2366,0x61b5102b0c1e9590742400d29776e1044889a046,1,470000000000000,68360453,138146,5021401,1743177553,0xfca5f18f73853ccb2023d82b95863ad09d70f0bff249885a036ee94768267797,NewSale
0x813c2398850725d31aD455C2165Ab37B050dE3a5,82924,0xbc2d6E7c81E7f35473b3594031FCC4c519fD24Ad,1,0x7b8961c71f8006366cfa7e9714f2ad002418a721,1,210000000000000,68410000,152866,5021406,1743177563,0x0139beef28096e33044980d11afb4e41b73f42e1b80a8720e1981ea11048a8af,NewSale
0x45A7b2772b57e8a03a6d037Ce5EC5Fa2725B6111,81597,0xdc0F91C5a4D200FfC21658901c77c0fE1A14d199,0,0x78f9bc3bb1126e4e3ac0d786acf3e88b233df542,1,799000000000000,68167507,167283,5021420,1743177591,0x5eb5af4663cafb62eb1dfdcca588833074c9e05a2abb3a0b77ff8c4ac8077835,NewSale
0xCc6c7eade3C00B8F1d5ee0e888FE95D039eD800B,81478,0xFC000E355ea1dC4A8B8e40B7A09d1fFf82596D7b,0,0x29b5181cbf86b1ab4b0e28c6678bcc8dba7f37d9,1,35000000000000000000,68410000,175739,5021427,1743177605,0x0aaa1731e396ec7893df0ceccb060e21d3b65157a8f91e87111b8d275fb26c7b,NewSale
0x66907de460905CB2fc07d10e2c0031D610247684,82104,0x02e21A25F0038fa5BDEe9c0b77aC0c1E84d3d6f0,2041,0xdfb06147a4bd5a3d66824a1a717cc6a06e6ac543,1,900000,68551240,171117,5021468,1743177687,0x4f43448a7b36f3a411836c22609f5c2fb749b82e562ec3c6c80607b2048ba25d,NewSale
0x7B8961c71F8006366Cfa7e9714F2ad002418a721,82938,0xbc2d6E7c81E7f35473b3594031FCC4c519fD24Ad,1,0xc5155b308d74897d42daac2a4810b2b65f2c065e,1,210000000000000,68790000,152878,5021480,1743177711,0xb9dcd3f0f951a18aca0c860bc0a3fff19675bc9fc5139cbc53e37274d5ecbdf4,NewSale
0xeb418E53EFcDc351137C9A81c70967b8D7063f4C,78267,0x7e5F161dd824d98AC3474eBf550716d0cb83E8C6,0,0x29b5181cbf86b1ab4b0e28c6678bcc8dba7f37d9,1,500000000000000,68690000,164783,5021485,1743177721,0xaaa6142303f733905fd88807a7f13b3b7ec65f0a1dc5290d8fa89b6c79af22d8,NewSale
0x08e2a6A1905D770fe485b7Ae94CD28e57AD6F5bb,82923,0xbc2d6E7c81E7f35473b3594031FCC4c519fD24Ad,1,0x610e982bcf80427d1f8492334ece4e049f3db2c8,1,200000000000000,67474801,140578,5021486,1743177723,0xe866c43774cb2fa8d6f993b4e71e75d14e7a9fe53faf63589b0cb03b56c16b9f,NewSale
0x41f07238C5096Eb7eb68c50FE8AE5AdDECBBF5C2,80639,0xbFCACb23F0B41EeEDFf7d04f52CE8f5125150806,6,0x29b5181cbf86b1ab4b0e28c6678bcc8dba7f37d9,1,500000000000000,68260000,164783,5021504,1743177759,0xef50d827c4942a366bf967ae0541e9792a20f3bfd74ba2f0d6164b74e1c3a543,NewSale
0xf8521C59c3a74Cd04B60573d49523f2b06F6124C,82875,0xbc2d6E7c81E7f35473b3594031FCC4c519fD24Ad,0,0x61b5102b0c1e9590742400d29776e1044889a046,1,300000000000000,67759618,135778,5021506,1743177763,0x69559295f606d2baf8fde76524c8cd333d13300bb54cc08611d090fa098a8fc0,NewSale
0x08e2a6A1905D770fe485b7Ae94CD28e57AD6F5bb,82902,0xbc2d6E7c81E7f35473b3594031FCC4c519fD24Ad,1,0x80fe121b69163e17bd4e9cc573652e29e48fa4ae,1,200000000000000,66995326,157678,5021524,1743177799,0x5321738060d46fe7aa203e1b8976865ca8993e03fd372cab977b66270b9237ae,NewSale
0x30e385A63834a49d8C27f9a47F57297406336441,82857,0x02e21A25F0038fa5BDEe9c0b77aC0c1E84d3d6f0,2362,0x29b5181cbf86b1ab4b0e28c6678bcc8dba7f37d9,1,470000000000000,67870000,155258,5021527,1743177805,0x14230b8a7230f792273e78b76f789a0a84407284f6adb77ba0a1993302520d83,NewSale
0xC5155b308d74897D42DAAc2a4810b2B65f2c065E,82941,0xbc2d6E7c81E7f35473b3594031FCC4c519fD24Ad,1,0xe8b3c588d7fe23e3e174075704f1055274247d0b,1,210000000000000,66850000,152878,5021535,1743177821,0x0956a5921f1d550e1b0480a3db1cb054be40ab5eb0638e8e42ea815ce5528c7f,NewSale
0x08e2a6A1905D770fe485b7Ae94CD28e57AD6F5bb,82918,0xbc2d6E7c81E7f35473b3594031FCC4c519fD24Ad,1,0x80fe121b69163e17bd4e9cc573652e29e48fa4ae,1,200000000000000,65924024,140578,5021540,1743177831,0x7f15b3ca276ece0b18eb328518da14f021c226a1b043a645ba67b69d7e8a9923,NewSale
0x08e2a6A1905D770fe485b7Ae94CD28e57AD6F5bb,82925,0xbc2d6E7c81E7f35473b3594031FCC4c519fD24Ad,1,0x80fe121b69163e17bd4e9cc573652e29e48fa4ae,1,200000000000000,65397391,140578,5021549,1743177849,0x52c1d5616ca0f11ec97ab981ac75a865cce0b9823bd3fd63dafc1a2933b5a922,NewSale
0x6BFceF8b8796376D3b2274d7504F31Ae2259F01A,82815,0x4489A334E66076933e76337E3eC7376BA84f0864,0,0x29b5181cbf86b1ab4b0e28c6678bcc8dba7f37d9,1,480000000000000,65600000,145371,5021571,1743177893,0x95dde2ab1c2afcfa1c2e732ea0d726544f68ad33f0d79a03448e4ed6eddf1c46,NewSale
0x30e385A63834a49d8C27f9a47F57297406336441,82859,0x02e21A25F0038fa5BDEe9c0b77aC0c1E84d3d6f0,2361,0xdfb06147a4bd5a3d66824a1a717cc6a06e6ac543,1,470000000000000,64981738,138158,5021579,1743177909,0x84af911bf7e97d672138293e9336115ac3a2e7494612931d0652743be2587c35,NewSale
0x08e2a6A1905D770fe485b7Ae94CD28e57AD6F5bb,82926,0xbc2d6E7c81E7f35473b3594031FCC4c519fD24Ad,1,0x80fe121b69163e17bd4e9cc573652e29e48fa4ae,1,200000000000000,64694113,140578,5021581,1743177913,0x7d632c765dd0228c23136fe99285fedb58c5791d0c09a5d1c287791bbd8fc89b,NewSale
0x86E5c83148f8980dDb4dB49BD0E39901cB873134,82953,0xbc2d6E7c81E7f35473b3594031FCC4c519fD24Ad,0,0x6bfcef8b8796376d3b2274d7504f31ae2259f01a,1,300000000000000,64740000,140590,5021583,1743177917,0x71792fdc2cdaabe66731fc8799ae8cbf811ddd59746771eb6c1b16aa42bc3325,NewSale
0x08e2a6A1905D770fe485b7Ae94CD28e57AD6F5bb,82928,0xbc2d6E7c81E7f35473b3594031FCC4c519fD24Ad,1,0x80fe121b69163e17bd4e9cc573652e29e48fa4ae,1,200000000000000,64270611,140578,5021590,1743177931,0x229e959718734f338bbc5ae60bd7ddc43cfe0c426de1fb2f38e9c9f11382b27b,NewSale
0x08e2a6A1905D770fe485b7Ae94CD28e57AD6F5bb,82933,0xbc2d6E7c81E7f35473b3594031FCC4c519fD24Ad,1,0x80fe121b69163e17bd4e9cc573652e29e48fa4ae,1,200000000000000,64029664,140578,5021602,1743177955,0xdc3f96eb9188f281d5b779d3afe8e94e49892ed5c6580bddd3b9e3c8bca85178,NewSale
0xE8B3C588D7Fe23e3E174075704F1055274247d0B,82954,0xbc2d6E7c81E7f35473b3594031FCC4c519fD24Ad,1,0x745b9a68e2240de3a88f3cf2861f0cd5c784adb1,1,210000000000000,64200000,152878,5021606,1743177963,0x74c41867e6b415f086ef20badd83c39eecbdd5360d2f422d5cf61fc93bdf5e61,NewSale
0x41f07238C5096Eb7eb68c50FE8AE5AdDECBBF5C2,80649,0xbFCACb23F0B41EeEDFf7d04f52CE8f5125150806,11,0x29b5181cbf86b1ab4b0e28c6678bcc8dba7f37d9,1,500000000000000,64280000,164783,5021610,1743177971,0xe420f610ab51508e6fb17852f8900ba44fcfa519542570aa5bbe3882fe077365,NewSale
0x08e2a6A1905D770fe485b7Ae94CD28e57AD6F5bb,82911,0xbc2d6E7c81E7f35473b3594031FCC4c519fD24Ad,0,0x610e982bcf80427d1f8492334ece4e049f3db2c8,1,220000000000000,61450263,135778,5021676,1743178103,0x9289250396f4f57270e5ab717bad937a8a624249b22be4c89119374a1f69ed30,NewSale
0x08e2a6A1905D770fe485b7Ae94CD28e57AD6F5bb,82939,0xbc2d6E7c81E7f35473b3594031FCC4c519fD24Ad,1,0xee0dedbef46a4243e9a2180b03d7a791a8acd2f0,1,200000000000000,61821511,157678,5021700,1743178151,0x8cbe6ae0213593267d886ff74b71d64230de5bc391027a1a152f3c0977999377,NewSale
0x80fe121B69163E17bd4e9CC573652e29E48fa4ae,78698,0xbc2d6E7c81E7f35473b3594031FCC4c519fD24Ad,0,0x18b4e2b507b86e05c22de7fdcb4fbec3c177483e,1,22000000000000000000,69000000,163455,5021709,1743178169,0xf2bf23689aa66f6ad94604ebf9ecfed28b1d4897751711e0fe580345bd3b9927,NewSale
0x5EC84cd3E173C752B2088cf7fca11eC3b7f46828,82940,0xbc2d6E7c81E7f35473b3594031FCC4c519fD24Ad,1,0xdb5e4b88327f74057124687236e42341fafa5581,1,249900000000000,61319854,152878,5021714,1743178179,0x45921e597e19e8dcf2993b64d7c4fbe3e5cec5613e8994921b03994ec3c08bc5,NewSale
0x745b9A68e2240de3a88F3cf2861f0Cd5C784adb1,82964,0xbc2d6E7c81E7f35473b3594031FCC4c519fD24Ad,1,0x813c2398850725d31ad455c2165ab37b050de3a5,1,210000000000000,61310000,152878,5021716,1743178183,0x129a335f42b52eea3007373d71fd67b35e22a464c03683a47ed1fc4be2fb882c,NewSale
0xd6b6A2CB97b5A7BA7ec0d9BA94146A127Cf5FDd1,82921,0xbc2d6E7c81E7f35473b3594031FCC4c519fD24Ad,1,0x610e982bcf80427d1f8492334ece4e049f3db2c8,1,249900000000000,59661128,135778,5021730,1743178211,0xbcb0ed7b2c17a69789cae3a89980e5224e051170577194b5e4e2cb9b58c21ec0,NewSale
0x80fe121B69163E17bd4e9CC573652e29E48fa4ae,82961,0xbc2d6E7c81E7f35473b3594031FCC4c519fD24Ad,1,0x18b4e2b507b86e05c22de7fdcb4fbec3c177483e,1,19980000000000000000,65000000,182166,5021734,1743178219,0x34aca7ac9e9c3984d8aaf9c6cf3b67c6ae0dc0e8f12f1a53667c1fe688f90522,NewSale
0x80fe121B69163E17bd4e9CC573652e29E48fa4ae,82961,0xbc2d6E7c81E7f35473b3594031FCC4c519fD24Ad,1,0x18b4e2b507b86e05c22de7fdcb4fbec3c177483e,1,19980000000000000000,65000000,165066,5021749,1743178249,0xea465805addbb711efcc5deebfb442140bd33a44fe95eb693ee271fc0fe8c273,NewSale
0x5a9aEb34185CFf54dd261dA245eEb51B2B748c08,81936,0x6aD26D68bFf8cAD6bAaeA257832854e58B08150E,4,0x29b5181cbf86b1ab4b0e28c6678bcc8dba7f37d9,1,1000000,59980000,215968,5021760,1743178271,0x2cd166d4fbe7d3ca2ec1eec7d2fc3ee5e973e1d1b78d2e4acaecdb27c3570897,NewSale
0x08e2a6A1905D770fe485b7Ae94CD28e57AD6F5bb,82934,0xbc2d6E7c81E7f35473b3594031FCC4c519fD24Ad,1,0xdb5e4b88327f74057124687236e42341fafa5581,1,200000000000000,59042806,140578,5021760,1743178271,0x454a91f79669a438176e3937bd865c4a780e712e9a7bf7802d9bf3ec2479c535,NewSale
0x80fe121B69163E17bd4e9CC573652e29E48fa4ae,82961,0xbc2d6E7c81E7f35473b3594031FCC4c519fD24Ad,1,0x18b4e2b507b86e05c22de7fdcb4fbec3c177483e,1,19980000000000000000,65000000,165066,5021764,1743178279,0x1f94f0c60a84626a8aef57a8d1e8aaac9b39be6c240ae81a9446af7ddc4a5d69,NewSale
0xf8521C59c3a74Cd04B60573d49523f2b06F6124C,82898,0xdc0F91C5a4D200FfC21658901c77c0fE1A14d199,0,0x2a10ce599b676f53438b1729037692af6648eca4,1,300000000000000,58950000,162483,5021766,1743178283,0x53333ef346f1e2fca67b49807d4098c573769cda46d7bf29849e74c581ce9cfe,NewSale
0x80fe121B69163E17bd4e9CC573652e29E48fa4ae,81590,0xbc2d6E7c81E7f35473b3594031FCC4c519fD24Ad,0,0x18b4e2b507b86e05c22de7fdcb4fbec3c177483e,1,24000000000000000000,65000000,165066,5021782,1743178315,0xdf7f4b47b2121b27df324f369989429e52cf54f05a7c4b59c6fd3c7563ba551d,NewSale
0xE7389a2D3efdAA1ef330a4476f423c40Af362e39,80612,0x6EF07dE7778f607b8658e743bd42Ad4Db277d54C,4,0x29b5181cbf86b1ab4b0e28c6678bcc8dba7f37d9,1,33000000000000000000,58530000,180539,5021785,1743178321,0x62afbecbd0096910eb5bbd50a93562196085c1594ac77da7b687753eb157484e,NewSale
0x08e2a6A1905D770fe485b7Ae94CD28e57AD6F5bb,82922,0xbc2d6E7c81E7f35473b3594031FCC4c519fD24Ad,1,0x813c2398850725d31ad455c2165ab37b050de3a5,1,200000000000000,58470000,135778,5021788,1743178327,0x31b41a96618ddc9b464943847d1065bbe41bf3649b84cd7a83b35334d41a4eb5,NewSale
0x80fe121B69163E17bd4e9CC573652e29E48fa4ae,82961,0xbc2d6E7c81E7f35473b3594031FCC4c519fD24Ad,1,0x18b4e2b507b86e05c22de7fdcb4fbec3c177483e,1,19980000000000000000,65000000,165066,5021796,1743178343,0x0b03804f9a6142fc75bf3ac9798b7cac650af1a9a8c523c5cffa7bca6c082c78,NewSale
0xa8545597A94eB4AE8854D9946Ad043b6E08B5aD3,82980,0xbc2d6E7c81E7f35473b3594031FCC4c519fD24Ad,0,0x80fe121b69163e17bd4e9cc573652e29e48fa4ae,1,200000000000000,56757812,140578,5021810,1743178371,0x942f9169f5e32cc657b180aa111aeff1a6b65258831bc48564b25fbbdaa73e59,NewSale
0x0e39948dcE2F694b8FA5eFE220C24C3a67aD5a97,82604,0xdc0F91C5a4D200FfC21658901c77c0fE1A14d199,0,0xdfb06147a4bd5a3d66824a1a717cc6a06e6ac543,1,1700000,56839195,186568,5021811,1743178373,0x3d3797eb309cafcd09cdc935bea4725b18efb2809e2fb96b0ddb811d40b3331c,NewSale
0x80fe121B69163E17bd4e9CC573652e29E48fa4ae,82961,0xbc2d6E7c81E7f35473b3594031FCC4c519fD24Ad,1,0x18b4e2b507b86e05c22de7fdcb4fbec3c177483e,1,19980000000000000000,65000000,165066,5021812,1743178375,0x3727b0b46c5957942df04bb73fa9b33767f335bc2e3b24b60c7d357de83a01c8,NewSale
0x80fe121B69163E17bd4e9CC573652e29E48fa4ae,82850,0xbc2d6E7c81E7f35473b3594031FCC4c519fD24Ad,0,0x18b4e2b507b86e05c22de7fdcb4fbec3c177483e,1,24500000000000000000,65000000,165066,5021830,1743178411,0xeb4133e242911216af394374aa320230608038bbcdeda0408326cc6afc293d69,NewSale
0xC0DEc165A5d6e6766Fbc35c977f89535899D0411,77659,0xbc2d6E7c81E7f35473b3594031FCC4c519fD24Ad,0,0x610e982bcf80427d1f8492334ece4e049f3db2c8,1,249999980000000,55319055,142177,5021830,1743178411,0xc8596e7239e1b93333476b47802c2a11b44eb79bb515b9dc5115ad043b4af06b,NewSale
0xeb418E53EFcDc351137C9A81c70967b8D7063f4C,82978,0x7e5F161dd824d98AC3474eBf550716d0cb83E8C6,0,0x71433b96713e818ed536a5e52b8b7cbf241c31da,1,30000000000000000000,56290000,186930,5021842,1743178435,0xb5eab7fddc93bc860fe00988df678f94638418b9c2a8472b95f3f85480612746,NewSale
0x80fe121B69163E17bd4e9CC573652e29E48fa4ae,82961,0xbc2d6E7c81E7f35473b3594031FCC4c519fD24Ad,1,0x18b4e2b507b86e05c22de7fdcb4fbec3c177483e,1,19980000000000000000,65000000,158655,5021847,1743178445,0x8f0a566e9eed27e8cc0e07be162f3f067d011d907b86e1a98f6e781f92c8195e,NewSale
0xE7389a2D3efdAA1ef330a4476f423c40Af362e39,80610,0x6EF07dE7778f607b8658e743bd42Ad4Db277d54C,3,0x29b5181cbf86b1ab4b0e28c6678bcc8dba7f37d9,1,33000000000000000000,56450000,180539,5021852,1743178455,0xa35c58dbf1d794382f576c2c64e00e7d57aba9b28672289819271da0a20e2264,NewSale
0x80fe121B69163E17bd4e9CC573652e29E48fa4ae,82850,0xbc2d6E7c81E7f35473b3594031FCC4c519fD24Ad,0,0x18b4e2b507b86e05c22de7fdcb4fbec3c177483e,1,24500000000000000000,65000000,165066,5021866,1743178483,0xbca29ee9b226dc8351d360f5d24e6af7d7fd50ff9764c0e65582ab3242971fe0,NewSale
0x813c2398850725d31aD455C2165Ab37B050dE3a5,82982,0xbc2d6E7c81E7f35473b3594031FCC4c519fD24Ad,1,0x80fe121b69163e17bd4e9cc573652e29e48fa4ae,1,170000000000000,56160300,157678,5021882,1743178515,0xe4c1d0af04172fff736b01a7e748e39b9f4ae8787a3d39985813b627c6b90b68,NewSale
0x6BfEB2434492B7AFcf452e3CC648594612122B00,82668,0xbc2d6E7c81E7f35473b3594031FCC4c519fD24Ad,0,0x610e982bcf80427d1f8492334ece4e049f3db2c8,1,256000000000000,55357304,135766,5021896,1743178543,0xfa3c2e059655aa8e07c2ed1636ef71226e939ec653a5c7df00168e583d46bc81,NewSale
0xc362596B64FfdFDE97D771e6539DbDf4E6486c61,82900,0xbc2d6E7c81E7f35473b3594031FCC4c519fD24Ad,0,0x71433b96713e818ed536a5e52b8b7cbf241c31da,1,1000000,56390000,173550,5021897,1743178545,0x64c5e872beef619d8490ff6e5a2a126fe07808ba85e714b3760460fe2b74d071,NewSale
0x813c2398850725d31aD455C2165Ab37B050dE3a5,82987,0xbc2d6E7c81E7f35473b3594031FCC4c519fD24Ad,1,0xdb29aadc3535697dc69ac1f1e08283040ec392e6,1,170000000000000,55650000,152878,5021932,1743178615,0x92365c8e854b99de2637e185ba0b6d0a05e390eff9455b7d2dfcb20d3d0a4694,NewSale
0x1fa38cc88a643164fE59bB2dABDfF09d23038C16,82985,0xbc2d6E7c81E7f35473b3594031FCC4c519fD24Ad,1,0x9f4f2534821eabbb31d6a718e6251671f4f23973,1,17600000000000000000,54251553,182154,5021938,1743178627,0x06733793f184a2a931170ad4bd05c0a27c9ef8e31e5e9a162c48a265470ba069,NewSale
0x3919c715C543f8d83d7A4D52606bbF7F46248e11,82305,0xEB255E4669Da7FeEf1F746a5a778b4e08b65a1A7,0,0xf6599984411f3c39196e3c796fca70b79ef11f02,1,400000000000000,55407313,167271,5021960,1743178671,0x9c8c3b0c482a77d14d98ef32590716d6b33b8185c3ccc110f4ee9359cb1d0f47,NewSale
0x1fa38cc88a643164fE59bB2dABDfF09d23038C16,82985,0xbc2d6E7c81E7f35473b3594031FCC4c519fD24Ad,1,0x71433b96713e818ed536a5e52b8b7cbf241c31da,1,17600000000000000000,55320000,182154,5021976,1743178703,0x0a3181e9c7ae971a2208c0a667f0d56a630cdc292e0eda601c13029bc0870647,NewSale
0x30e385A63834a49d8C27f9a47F57297406336441,82986,0x02e21A25F0038fa5BDEe9c0b77aC0c1E84d3d6f0,2374,0xf6599984411f3c39196e3c796fca70b79ef11f02,1,459000000000000,55087593,155258,5021985,1743178721,0x004aff0193bee94822ad4a3aed21d39ed34b8ab068083bdd578f4f6f0ee83a4b,NewSale
0x1fa38cc88a643164fE59bB2dABDfF09d23038C16,82985,0xbc2d6E7c81E7f35473b3594031FCC4c519fD24Ad,1,0x9f4f2534821eabbb31d6a718e6251671f4f23973,1,17600000000000000000,54267745,161354,5021988,1743178727,0xba32f893f4f18d8caa326fb8d1506de6eb39d2252d1d19b1ac97fea23f4df420,NewSale
0x1fa38cc88a643164fE59bB2dABDfF09d23038C16,82985,0xbc2d6E7c81E7f35473b3594031FCC4c519fD24Ad,1,0x9f4f2534821eabbb31d6a718e6251671f4f23973,1,17600000000000000000,54510275,161354,5022010,1743178771,0x09978914c7f8de328847b212b738e5248b7b40f2bf871711f1e6f3370ebefccf,NewSale
0x1fa38cc88a643164fE59bB2dABDfF09d23038C16,82985,0xbc2d6E7c81E7f35473b3594031FCC4c519fD24Ad,1,0x80fe121b69163e17bd4e9cc573652e29e48fa4ae,1,17600000000000000000,55048439,165054,5022028,1743178807,0x73cbe04425473151d24328fd4398418faf04a0fa4582b1cabd0a9241c3d763e6,NewSale
0xdB29Aadc3535697dc69Ac1f1E08283040ec392e6,82993,0xbc2d6E7c81E7f35473b3594031FCC4c519fD24Ad,1,0x7b8961c71f8006366cfa7e9714f2ad002418a721,1,180000000000000,55220000,152866,5022029,1743178809,0xc426e1713c391a12b9a0e53edec2da651e4392412b859caf33be7eceb79df98b,NewSale
0x230bFf75310590b1Ac4B5Fd4fb34A7cee8282Ea9,73348,0x6aD26D68bFf8cAD6bAaeA257832854e58B08150E,1,0x3179c42dae179f7ecb40b9ae46647e45a6daafe5,1,600000000000000,55230000,164783,5022031,1743178813,0x268e511ebb9d6b3d40b3a0b9e4431976f5555e916fd897637f426e65a81fd6d2,NewSale
0x1fa38cc88a643164fE59bB2dABDfF09d23038C16,82985,0xbc2d6E7c81E7f35473b3594031FCC4c519fD24Ad,1,0x9f4f2534821eabbb31d6a718e6251671f4f23973,1,17600000000000000000,54206486,161354,5022032,1743178815,0xd54234a8bf0133ebc3c66369a7f082d09216a76e35a039c1ce25f66a5a68a066,NewSale
0x230bFf75310590b1Ac4B5Fd4fb34A7cee8282Ea9,73346,0x6aD26D68bFf8cAD6bAaeA257832854e58B08150E,3,0x3179c42dae179f7ecb40b9ae46647e45a6daafe5,1,600000000000000,55230000,164783,5022034,1743178819,0xd3f6a43680bc3aa5d6821d3b1bfc77fc0b39c0ffe6b27482ed7e7cade2494e27,NewSale
0x1fa38cc88a643164fE59bB2dABDfF09d23038C16,82985,0xbc2d6E7c81E7f35473b3594031FCC4c519fD24Ad,1,0x71433b96713e818ed536a5e52b8b7cbf241c31da,1,17600000000000000000,55230000,165054,5022034,1743178819,0x386d0227b0ea3fc6d4c3472c983b5d8d63552df605bb6a09290e925fd9ffada5,NewSale
0x230bFf75310590b1Ac4B5Fd4fb34A7cee8282Ea9,73349,0x6aD26D68bFf8cAD6bAaeA257832854e58B08150E,0,0x3179c42dae179f7ecb40b9ae46647e45a6daafe5,1,600000000000000,55020000,164783,5022036,1743178823,0x790f049ebcf5d4a504056bcc60657e05118ccbb18b28fd440882cf1e277f5a49,NewSale
0x230bFf75310590b1Ac4B5Fd4fb34A7cee8282Ea9,73357,0x6aD26D68bFf8cAD6bAaeA257832854e58B08150E,6,0x3179c42dae179f7ecb40b9ae46647e45a6daafe5,1,600000000000000,55020000,164783,5022037,1743178825,0xf2b8bd7f2e0695a288160ca39518b1ab98afcca4fd4f30b44f9fef408098c757,NewSale
0x230bFf75310590b1Ac4B5Fd4fb34A7cee8282Ea9,73347,0x6aD26D68bFf8cAD6bAaeA257832854e58B08150E,2,0x3179c42dae179f7ecb40b9ae46647e45a6daafe5,1,600000000000000,55020000,164783,5022038,1743178827,0xd2fa81ae5f9d85a7bd13626e2925b194d8b98c96323388eeb44552fd33a8899a,NewSale
0x230bFf75310590b1Ac4B5Fd4fb34A7cee8282Ea9,73355,0x6aD26D68bFf8cAD6bAaeA257832854e58B08150E,8,0x3179c42dae179f7ecb40b9ae46647e45a6daafe5,1,600000000000000,55020000,164783,5022039,1743178829,0xf33bd11776eb49313fcbbc95e59fdabbdb58dacd4ef85890a2776e37e28ec0bf,NewSale
0x230bFf75310590b1Ac4B5Fd4fb34A7cee8282Ea9,73356,0x6aD26D68bFf8cAD6bAaeA257832854e58B08150E,7,0x3179c42dae179f7ecb40b9ae46647e45a6daafe5,1,600000000000000,55020000,164783,5022040,1743178831,0xafb79afad854f1250c20fcbd5aa15476867cc12b1bf77e77ee3b1aae97d8449a,NewSale
0x230bFf75310590b1Ac4B5Fd4fb34A7cee8282Ea9,73358,0x6aD26D68bFf8cAD6bAaeA257832854e58B08150E,5,0x3179c42dae179f7ecb40b9ae46647e45a6daafe5,1,600000000000000,55010000,164783,5022041,1743178833,0x082ccfe8c3cd4b11538b9472f1c4b8605e4c0583972dd0f07f6e5debf623b93d,NewSale
0x230bFf75310590b1Ac4B5Fd4fb34A7cee8282Ea9,73359,0x6aD26D68bFf8cAD6bAaeA257832854e58B08150E,4,0x3179c42dae179f7ecb40b9ae46647e45a6daafe5,1,600000000000000,55010000,164783,5022043,1743178837,0x6e69bdb80dfc8a914aee05b0817d2753824ee361d661df66ddf6a1e61d7fa9fc,NewSale
0x230bFf75310590b1Ac4B5Fd4fb34A7cee8282Ea9,73360,0x6aD26D68bFf8cAD6bAaeA257832854e58B08150E,3,0x3179c42dae179f7ecb40b9ae46647e45a6daafe5,1,600000000000000,55010000,147683,5022045,1743178841,0xb64c3ce9b1f152930ff1f1f9965671d619eacbf666495307d1e9b651eb9d9e07,NewSale
0x230bFf75310590b1Ac4B5Fd4fb34A7cee8282Ea9,73361,0x6aD26D68bFf8cAD6bAaeA257832854e58B08150E,2,0x3179c42dae179f7ecb40b9ae46647e45a6daafe5,1,600000000000000,55010000,147683,5022046,1743178843,0x7091ad2e1cd49995e5c4435bc872230b42dce12e935860761557bbdb25339ce0,NewSale
0x1fa38cc88a643164fE59bB2dABDfF09d23038C16,82985,0xbc2d6E7c81E7f35473b3594031FCC4c519fD24Ad,1,0x9f4f2534821eabbb31d6a718e6251671f4f23973,1,17600000000000000000,53995537,161354,5022054,1743178859,0x4cbc1160d1163a7400813f25da4d877403cfd02d9796c12308c849e2f6be6e27,NewSale
0x1fa38cc88a643164fE59bB2dABDfF09d23038C16,82985,0xbc2d6E7c81E7f35473b3594031FCC4c519fD24Ad,1,0x71433b96713e818ed536a5e52b8b7cbf241c31da,1,17600000000000000000,55020000,165054,5022055,1743178861,0x12875e0755d2451e2859e36b23d3eb83209b2980a6ea0e54b74ecbb038ef5d3f,NewSale
0xf8521C59c3a74Cd04B60573d49523f2b06F6124C,82888,0x897d1cBBeDC44c8371672e8cA72555b5194D6D86,0,0xf6599984411f3c39196e3c796fca70b79ef11f02,1,500000000000000,54229290,145399,5022066,1743178883,0x837e390af03cbc1a98876813debd137a70c36c394b226ee8fed99c31e9844438,NewSale
0x1fa38cc88a643164fE59bB2dABDfF09d23038C16,82985,0xbc2d6E7c81E7f35473b3594031FCC4c519fD24Ad,1,0x71433b96713e818ed536a5e52b8b7cbf241c31da,1,17600000000000000000,54600000,165054,5022070,1743178891,0xc9f644962e34c5d73c229e48d230b5415ea358965868979f33f0333b0d38664f,NewSale
0x1fa38cc88a643164fE59bB2dABDfF09d23038C16,82985,0xbc2d6E7c81E7f35473b3594031FCC4c519fD24Ad,1,0x9f4f2534821eabbb31d6a718e6251671f4f23973,1,17600000000000000000,53215250,154943,5022076,1743178903,0x448c930ee87e5016ed5b66bdd3a642dff594996e189be98480fdc1294752d71c,NewSale
0x7B8961c71F8006366Cfa7e9714F2ad002418a721,82997,0xbc2d6E7c81E7f35473b3594031FCC4c519fD24Ad,1,0x80fe121b69163e17bd4e9cc573652e29e48fa4ae,1,180000000000000,53533205,135778,5022090,1743178931,0x701d153da978e04ee5417139b333b4a670bbc9c03376f66af33dc07f671967df,NewSale
0x92bC8839d3c078B05613A40CD27571c319D74Fa1,82855,0xbc2d6E7c81E7f35473b3594031FCC4c519fD24Ad,1,0xcdad265f570b4c35fb33acd9bcf38892b3c1738d,1,249900000000000,52980000,152878,5022116,1743178983,0x2b227b0e783937bc561385867651b895d6eac9f4236a65bc51f77662be8874e5,NewSale
0x80fe121B69163E17bd4e9CC573652e29E48fa4ae,82989,0xbc2d6E7c81E7f35473b3594031FCC4c519fD24Ad,1,0x71433b96713e818ed536a5e52b8b7cbf241c31da,1,22000000000000000000,52380000,163455,5022131,1743179013,0xb4f6b9a7c03e2b807ee7ce62e7c5d02353c0731456233464296a412b86cce91b,NewSale
0x098336f6F37984C9Ec40fCA9DF55e00C0b0dE920,82897,0xbc2d6E7c81E7f35473b3594031FCC4c519fD24Ad,1,0xcdad265f570b4c35fb33acd9bcf38892b3c1738d,1,249900000000000,52030000,135778,5022136,1743179023,0xb91cf5327d5c98a9df652714d2ca01cc10b452ec0ceac1d062f1dc8682e3b653,NewSale
0xD0556E2CdE1E2C0b92f25575bFbd0024990D2026,82914,0xbc2d6E7c81E7f35473b3594031FCC4c519fD24Ad,1,0xc5155b308d74897d42daac2a4810b2b65f2c065e,1,249900000000000,51830000,152878,5022145,1743179041,0xe93b95cba1765464dd7077833c77b793725b674397483ea80659503db144a6a7,NewSale
0x0e39948dcE2F694b8FA5eFE220C24C3a67aD5a97,82629,0xdc0F91C5a4D200FfC21658901c77c0fE1A14d199,0,0x6eebc73611a0ebde63fbbc193ece7b2248a07221,1,1800000,51387616,203668,5022150,1743179051,0xad1ffb608e6e71ec9bf03e6d7a295d2a17a4d069af5b7691e4d10ee4e308b231,NewSale
0xC0DEc165A5d6e6766Fbc35c977f89535899D0411,77663,0xbc2d6E7c81E7f35473b3594031FCC4c519fD24Ad,0,0xcdad265f570b4c35fb33acd9bcf38892b3c1738d,1,249999950000000,51400000,142201,5022159,1743179069,0x28f9f0f2fb842d70f8e0c20e7c777dd1e5a6cb1fcf3d500737cd69c839e20b62,NewSale
0xC0DEc165A5d6e6766Fbc35c977f89535899D0411,77663,0xbc2d6E7c81E7f35473b3594031FCC4c519fD24Ad,0,0xcdad265f570b4c35fb33acd9bcf38892b3c1738d,1,249999950000000,51190000,142201,5022176,1743179103,0x0f3104a7c5b2ffbbe2ac1a6f2bb7c01e4fed5605280ee17166b3cf19e37e658c,NewSale
0xC5155b308d74897D42DAAc2a4810b2B65f2c065E,83002,0xbc2d6E7c81E7f35473b3594031FCC4c519fD24Ad,1,0x80fe121b69163e17bd4e9cc573652e29e48fa4ae,1,180000000000000,50729031,135778,5022183,1743179117,0x3c8148efa022f7c4f8d6d1169bafe1fd2271363e7a91e03b5e972e8364ebff5b,NewSale
0xCb0cd282D352BFb07674c738e48FD6e72Fd8F012,82994,0xbc2d6E7c81E7f35473b3594031FCC4c519fD24Ad,1,0xe8b3c588d7fe23e3e174075704f1055274247d0b,1,249900000000000,50530000,152878,5022195,1743179141,0xf4e29507c70c0579ca87d4e3829fee0ba4db0b2aae4421449d294b224b902d49,NewSale
0xC0DEc165A5d6e6766Fbc35c977f89535899D0411,77663,0xbc2d6E7c81E7f35473b3594031FCC4c519fD24Ad,0,0xcdad265f570b4c35fb33acd9bcf38892b3c1738d,1,249999950000000,50540000,142201,5022198,1743179147,0x2f5f7e90e4788c7259bc62c96708fb54b52f16e5fa1904f866c10c8435fea391,NewSale
0xC0DEc165A5d6e6766Fbc35c977f89535899D0411,77663,0xbc2d6E7c81E7f35473b3594031FCC4c519fD24Ad,0,0xcdad265f570b4c35fb33acd9bcf38892b3c1738d,1,249999950000000,50010000,142201,5022226,1743179203,0xa188486ac0a94d86d968477948d8e1e60832f621cc3b868e1e6bf4c51992c07f,NewSale
0x71c2d6033Cb58c48E1C15EFf30331ecfF9382b01,83001,0xbc2d6E7c81E7f35473b3594031FCC4c519fD24Ad,1,0xcdad265f570b4c35fb33acd9bcf38892b3c1738d,1,249900000000000,49450000,135778,5022253,1743179257,0x8356e739aa55e12cafc569bece81e25b7b266ac912ebbc45d1dcfdc0f04141d2,NewSale
0x924e693a3AB9b4064f5d0bCfca66aEd893c627f1,83005,0xbc2d6E7c81E7f35473b3594031FCC4c519fD24Ad,1,0x6bfcef8b8796376d3b2274d7504f31ae2259f01a,1,249900000000000,49190000,135778,5022266,1743179283,0x1d8c7cf4c83744b5e4ea5f95883b35a0f17bd718bd0873b53b2304ee04cca78e,NewSale
0xC0DEc165A5d6e6766Fbc35c977f89535899D0411,77662,0xbc2d6E7c81E7f35473b3594031FCC4c519fD24Ad,0,0x95232087c4c2fd43d10d80d75b725dc8876b5226,1,249999960000000,46567876,142189,5022368,1743179487,0xd09e812e8a9900f028ea453b546ddf99cbcd939f233b135eac1400527a200c60,NewSale
0xC328830CFC42380da135F41859628b1778d35860,82996,0xbc2d6E7c81E7f35473b3594031FCC4c519fD24Ad,1,0xa786817be0b3fc4385e9f93140b513c9846c6f74,1,249900000000000,46800000,152878,5022370,1743179491,0x70ca1a44f92017cba1c93c74a7d36d3dd0287c8d37b6e187fff86f6607027b53,NewSale
0x80fe121B69163E17bd4e9CC573652e29E48fa4ae,82988,0xbc2d6E7c81E7f35473b3594031FCC4c519fD24Ad,0,0x6eebc73611a0ebde63fbbc193ece7b2248a07221,1,24800000000000000000,45900922,165066,5022390,1743179531,0x98ddff907f824f72a160cabcd625de21267e62482716554e2e87dc8030d83f2a,NewSale
0x80fe121B69163E17bd4e9CC573652e29E48fa4ae,83000,0xbc2d6E7c81E7f35473b3594031FCC4c519fD24Ad,1,0x9c631e05bdcd5ea199a315f9d9724a2c543d7f96,1,22000000000000000000,44908521,182166,5022395,1743179541,0xd7c35ef2e0ce3025dbeca2fb22c4f39bbeeee7cb25790859bd3721b87ef62b0c,NewSale
0xC0DEc165A5d6e6766Fbc35c977f89535899D0411,77663,0xbc2d6E7c81E7f35473b3594031FCC4c519fD24Ad,0,0x95232087c4c2fd43d10d80d75b725dc8876b5226,1,249999950000000,44983487,142201,5022418,1743179587,0xbbed10e2ef27ad5de8c98baeb90cc248c115ed2fdc2e7159f1af52422d652eec,NewSale
0xc106fF02a74c3b656f506Dddce32accF57FAcC68,83007,0xbc2d6E7c81E7f35473b3594031FCC4c519fD24Ad,1,0x6eebc73611a0ebde63fbbc193ece7b2248a07221,1,249900000000000,44741016,152878,5022445,1743179641,0x1ea36de1929aa2d8067704d6376d801233e9ae435954a6fb2fe947405ec313aa,NewSale
0xE06B9a01b50F2a4d8efAA4BB1C8a28Da13e54Ee7,79575,0xdc0F91C5a4D200FfC21658901c77c0fE1A14d199,0,0xbffcd9b4667cd45a50527af41e33cf2206c96f8d,1,800000000000000,43872803,145371,5022447,1743179645,0x17ae580c25f3baaf2ac2a576fc94568e62339f83842db1fa3226614e08134965,NewSale
0xC0DEc165A5d6e6766Fbc35c977f89535899D0411,77659,0xbc2d6E7c81E7f35473b3594031FCC4c519fD24Ad,0,0x95232087c4c2fd43d10d80d75b725dc8876b5226,1,249999980000000,44515752,142177,5022469,1743179689,0xfff140ca0d06026b64d7cbc86f724aeb76dad4cbc6c74039de57ed197dd829c0,NewSale
0xeb418E53EFcDc351137C9A81c70967b8D7063f4C,82995,0x7e5F161dd824d98AC3474eBf550716d0cb83E8C6,0,0x6eebc73611a0ebde63fbbc193ece7b2248a07221,1,500000000000000,43358228,164783,5022505,1743179761,0xc196e55b7c855a80763f8f70d9e7da6d14b109340db6e9b8004fe04ebfdf596f,NewSale
0xcdAD265f570b4C35Fb33aCd9BCf38892B3C1738d,83018,0xbc2d6E7c81E7f35473b3594031FCC4c519fD24Ad,1,0x95232087c4c2fd43d10d80d75b725dc8876b5226,1,245000000000000,43140238,157678,5022513,1743179777,0xcf1db2f7e396a7bce480b127ddcf0d810a974c622bb54e2481909dce53ff7bcf,NewSale
0x0e39948dcE2F694b8FA5eFE220C24C3a67aD5a97,82572,0xdc0F91C5a4D200FfC21658901c77c0fE1A14d199,0,0xac817b3c5577d104420b3fe01b4ac1b7126cb000,1,640000000000000,42850000,145359,5022533,1743179817,0x59c86b2d0a2c85910d5d085899125501f696758f0ecb46d7bae090434af6dc00,NewSale
0xF09aCB268Edb27297d6aaB4d7165c637d9F8FC20,82981,0xbc2d6E7c81E7f35473b3594031FCC4c519fD24Ad,0,0x61b5102b0c1e9590742400d29776e1044889a046,1,300000000000000,42841808,135778,5022539,1743179829,0x2b5e0d5542e3e59e280e07ff81d2f837317126fa66aa07869567a5eb28b7d8f3,NewSale
0xC0DEc165A5d6e6766Fbc35c977f89535899D0411,77663,0xbc2d6E7c81E7f35473b3594031FCC4c519fD24Ad,0,0x95232087c4c2fd43d10d80d75b725dc8876b5226,1,249999950000000,43019262,142201,5022567,1743179885,0x248c949f6928016a1671e354d7a4e0e834f978385c19ac458067b717a75688fa,NewSale
0x2d697259877746636B1d8DBE7733A4bAf40A7E3d,83026,0xbc2d6E7c81E7f35473b3594031FCC4c519fD24Ad,0,0x4f48d9e962593e9138a0c63cd4316b227e4dff7e,1,10000000000000,42235496,157678,5022592,1743179935,0xff6938c309e87b203a47260218f2861670a50f57548866371f69f5b0187c3ce4,NewSale
0xC0DEc165A5d6e6766Fbc35c977f89535899D0411,74777,0xbc2d6E7c81E7f35473b3594031FCC4c519fD24Ad,0,0x95232087c4c2fd43d10d80d75b725dc8876b5226,1,259999990000000,43020419,142201,5022612,1743179975,0xbdb9c367f1b4b789d432ffcc600d8090521f1d3d2b76d4fc7df7dd906d79dc8b,NewSale
0x80fe121B69163E17bd4e9CC573652e29E48fa4ae,82988,0xbc2d6E7c81E7f35473b3594031FCC4c519fD24Ad,0,0x6eebc73611a0ebde63fbbc193ece7b2248a07221,1,24800000000000000000,42696785,163455,5022629,1743180009,0x00cd1ab371a04f73fe06fd3c35fa7f38e3d14935e15dd8dfc7f51d50086979de,NewSale
0x15D671AE192771d1C3F473edA5BEf256498f68B4,83006,0xbc2d6E7c81E7f35473b3594031FCC4c519fD24Ad,1,0x61b5102b0c1e9590742400d29776e1044889a046,1,249900000000000,42622223,135766,5022648,1743180047,0xad0b2d7e650cdcb4685451d4dc6557ec7dc87d2b746ffb0470b180b8096c3144,NewSale
0x2d697259877746636B1d8DBE7733A4bAf40A7E3d,83032,0xbc2d6E7c81E7f35473b3594031FCC4c519fD24Ad,0,0x80fe121b69163e17bd4e9cc573652e29e48fa4ae,1,10000000000000,42882876,140578,5022652,1743180055,0xe172d3ce826aa8f597ff21c34bd49f6c4d1693f572b058d1e472ebd26512e522,NewSale
0x2d697259877746636B1d8DBE7733A4bAf40A7E3d,83035,0xbc2d6E7c81E7f35473b3594031FCC4c519fD24Ad,0,0x80fe121b69163e17bd4e9cc573652e29e48fa4ae,1,10000000000000,43031877,140578,5022662,1743180075,0x8e5c7cb482575ecaf6a5e45736189e99e14b087640f1bf567d37162d891c3a0b,NewSale
0x2d697259877746636B1d8DBE7733A4bAf40A7E3d,83030,0xdc0F91C5a4D200FfC21658901c77c0fE1A14d199,0,0xbaa9672503be4067ccc6ebb08bee52af3e0b3b4c,1,10000000000000,43059160,150171,5022667,1743180085,0x9e233630bb78aee20b0481ec196cb66d00d721feca006b6b50b75badbe888029,NewSale
0xC0DEc165A5d6e6766Fbc35c977f89535899D0411,77663,0xbc2d6E7c81E7f35473b3594031FCC4c519fD24Ad,0,0x95232087c4c2fd43d10d80d75b725dc8876b5226,1,249999950000000,42873280,142201,5022715,1743180181,0x732e4efe56e196d86846428f57fd44d82fb5eed78cfd525a1614649a0e8ad0ee,NewSale
0x8A6a7B1c84d071E23b9EFe5a9DCcA5985e8215fB,80962,0x02e21A25F0038fa5BDEe9c0b77aC0c1E84d3d6f0,2185,0x6eebc73611a0ebde63fbbc193ece7b2248a07221,1,500000000000000,42350065,155258,5022736,1743180223,0x76e5d85139f0e2ce9957b9d4394e97c7c41a78e85d9c42623600ec14748119a5,NewSale
0x3F3A5dfa367b847e43298d9ae5c26AC67C62e82d,83008,0xbc2d6E7c81E7f35473b3594031FCC4c519fD24Ad,1,0x95232087c4c2fd43d10d80d75b725dc8876b5226,1,249900000000000,42355595,135778,5022766,1743180283,0xa984c940a50ccb6ff94cb71e0a9755cb3350542ce61ba196dc3996909d35267c,NewSale
0x8A6a7B1c84d071E23b9EFe5a9DCcA5985e8215fB,80963,0x02e21A25F0038fa5BDEe9c0b77aC0c1E84d3d6f0,2184,0x6eebc73611a0ebde63fbbc193ece7b2248a07221,1,500000000000000,41917543,138158,5022786,1743180323,0xf7e8fe963ed9ffb2ee1a976e0e669c1a9192f55ba1618651d2ce55c18f8a5719,NewSale
0xcdAD265f570b4C35Fb33aCd9BCf38892B3C1738d,83029,0xbc2d6E7c81E7f35473b3594031FCC4c519fD24Ad,0,0x3dea2109e83eb27a365feca04f7d0cc956c9f41b,1,492000000000000,40629611,159301,5022818,1743180387,0x78928d0ede84c3b8e173398806ac0f5c721af44b4428fe1733b2bde8cca19d4f,NewSale
0xC0DEc165A5d6e6766Fbc35c977f89535899D0411,77663,0xbc2d6E7c81E7f35473b3594031FCC4c519fD24Ad,0,0x95232087c4c2fd43d10d80d75b725dc8876b5226,1,249999950000000,41506561,142201,5022821,1743180393,0x75b86dd08ddad4e806fe029a135db32ec193aceaa148ce72a709d61e809795a8,NewSale
0x80fe121B69163E17bd4e9CC573652e29E48fa4ae,80302,0x897d1cBBeDC44c8371672e8cA72555b5194D6D86,0,0x2a0ca244e1821ce0bdc9289128cd33a99d9a7cc1,1,996000000000000,41129762,145399,5022841,1743180433,0x182f98bb77859e18b70c442ec6bd4f93f4af5fa888f388a923c266acb84f0177,NewSale
0x1ac47a59b18d89Dc7a0905A0E576B860cc93EBBB,80934,0x02e21A25F0038fa5BDEe9c0b77aC0c1E84d3d6f0,2176,0x6eebc73611a0ebde63fbbc193ece7b2248a07221,1,500000000000000,40736566,138158,5022863,1743180477,0xba57488843db897db4af0ec0224fce45fc9e5871f0728c429d5b179d279ae209,NewSale
0xC0DEc165A5d6e6766Fbc35c977f89535899D0411,74893,0xbc2d6E7c81E7f35473b3594031FCC4c519fD24Ad,0,0x95232087c4c2fd43d10d80d75b725dc8876b5226,1,249999990000000,40784921,142201,5022872,1743180495,0x8cc1ab042bc531e511f523b4c421f449e2eaf710ffd86612dfbc6fc1ccde0fd8,NewSale
0x30e385A63834a49d8C27f9a47F57297406336441,83024,0x02e21A25F0038fa5BDEe9c0b77aC0c1E84d3d6f0,2343,0x3dea2109e83eb27a365feca04f7d0cc956c9f41b,1,460000000000000,39525310,155258,5022903,1743180557,0x5efd2ae7b9f887f1dd5bea62d0124652136f798cfce30a1135ce1ee12d556b0e,NewSale
0xcdAD265f570b4C35Fb33aCd9BCf38892B3C1738d,83029,0xbc2d6E7c81E7f35473b3594031FCC4c519fD24Ad,0,0x8eba209e47bd2de79b5aa8e3496ecef9e632b77e,1,492000000000000,39173695,157690,5022929,1743180609,0xdc0da321131c3e1861e748e5c5967ac6004f02b6ae9553b24b9b5a81291366b2,NewSale
0x3B6034396c5b8A3252d21DA55C89BDbB13159082,83009,0xbc2d6E7c81E7f35473b3594031FCC4c519fD24Ad,1,0x95232087c4c2fd43d10d80d75b725dc8876b5226,1,249900000000000,40183247,135778,5022932,1743180615,0xbfc28f30f151999015ce254f708bdcbc6ea4d71892f0931daddbfdc9d54115d1,NewSale
0x9C631e05BDCd5Ea199a315f9d9724a2C543D7F96,83020,0xbc2d6E7c81E7f35473b3594031FCC4c519fD24Ad,0,0xb96be0721713f1488154a8da7727688c40908e13,1,20000000000000000000,39750000,163455,5022980,1743180711,0x4fd80a1b7b3d620da8a9b178f70c2dcd34d8e16bdabcc060f845208774512c01,NewSale
0x9C631e05BDCd5Ea199a315f9d9724a2C543D7F96,83019,0xbc2d6E7c81E7f35473b3594031FCC4c519fD24Ad,1,0xa1190dbb1cdaa4f424c3665128e71fb3c20707f9,1,20000000000000000000,39850000,175755,5022983,1743180717,0x8b2a414f8f576f3564b5dd2b3cb863fc6c692062a25b452add9fb1bf806b54b4,NewSale
0xE7389a2D3efdAA1ef330a4476f423c40Af362e39,80618,0x6EF07dE7778f607b8658e743bd42Ad4Db277d54C,9,0x6eebc73611a0ebde63fbbc193ece7b2248a07221,1,33000000000000000000,39500893,180539,5022985,1743180721,0x9dbc7aa109b8a9bf68d3aec8a4c514cf14c8e2ea58cbc88876ec1719fd3dcec5,NewSale
0xE7389a2D3efdAA1ef330a4476f423c40Af362e39,80709,0x6EF07dE7778f607b8658e743bd42Ad4Db277d54C,30,0x6eebc73611a0ebde63fbbc193ece7b2248a07221,1,33000000000000000000,39547620,180539,5023036,1743180823,0x9da56a6ecc93f2f4bbbff7fa598716805e1499cfc48da951f559c38f9f03842f,NewSale
0x9C631e05BDCd5Ea199a315f9d9724a2C543D7F96,83027,0xbc2d6E7c81E7f35473b3594031FCC4c519fD24Ad,0,0x3dea2109e83eb27a365feca04f7d0cc956c9f41b,1,20000000000000000000,38677186,159755,5023041,1743180833,0xef5edf59b8dcb4aa5e42ad4dfe1b0e68cfbf3a4e972a1fe0d6d2734cbe2f30a5,NewSale
0xC0DEc165A5d6e6766Fbc35c977f89535899D0411,77659,0xbc2d6E7c81E7f35473b3594031FCC4c519fD24Ad,0,0x6f43694b1dbd3af3e1164eb7ec0a569a0f06c5c2,1,249999980000000,40820000,159277,5023122,1743180995,0x282f10046ad7817dcf4c2530b83dd673cbd68635e1e069a01323e5829b1eb7b2,NewSale
0x0cbBa228FFC2275F77f7eBd2fc0997eF2e7D7D44,81519,0xbc2d6E7c81E7f35473b3594031FCC4c519fD24Ad,0,0x6f43694b1dbd3af3e1164eb7ec0a569a0f06c5c2,1,270000000000000,40300000,135778,5023162,1743181075,0x0615acdc7b380871fb8b617ffe52a31ae5d09063029ec10237dee8261090feda,NewSale
0x9C631e05BDCd5Ea199a315f9d9724a2C543D7F96,83043,0xbc2d6E7c81E7f35473b3594031FCC4c519fD24Ad,0,0xb96be0721713f1488154a8da7727688c40908e13,1,20000000000000000000,40200000,158655,5023171,1743181093,0x0a9c61262e90a34d9bcdc9f6451a1a1e261f99d837287436d52ef7d713306abb,NewSale
0xF6291ddE4dC399BE2276c0d21eC03266B22F2CBE,81522,0xbc2d6E7c81E7f35473b3594031FCC4c519fD24Ad,1,0x6f43694b1dbd3af3e1164eb7ec0a569a0f06c5c2,1,270000000000000,40200000,157678,5023174,1743181099,0xfeeb1990f95ff80dfcb0d941000286489e619b9188162de2f32f239a8487db1c,NewSale
0xCB1185CB6Efba420Acc9E30149Ad971860195c9E,81406,0xbc2d6E7c81E7f35473b3594031FCC4c519fD24Ad,0,0x610e982bcf80427d1f8492334ece4e049f3db2c8,1,270000000000000,38935473,135778,5023177,1743181105,0xae4dea47da17c527d430416ca2871fa37a8d73f3b4b1d56633bc90fe0a5f16bc,NewSale
0xc362596B64FfdFDE97D771e6539DbDf4E6486c61,82917,0xbc2d6E7c81E7f35473b3594031FCC4c519fD24Ad,0,0xe8e091da5cadb76149079537007dd504e8c3cb77,1,1000000,40020000,173538,5023209,1743181169,0xcd6f9867ac49b14daed7c2291e4974adb8e2e8f4025c64d385b83e308ff28b93,NewSale
0xC0DEc165A5d6e6766Fbc35c977f89535899D0411,77661,0xbc2d6E7c81E7f35473b3594031FCC4c519fD24Ad,0,0xac9c7b6cd8b7d9da658132cdc14e424329a06984,1,249999970000000,40050480,142201,5023214,1743181179,0x71ad12ae21dc17e054ea59a6d8c9ab7385455db1a1c2341d6b70179eedc8d9ec,NewSale
0xeb418E53EFcDc351137C9A81c70967b8D7063f4C,83034,0x7e5F161dd824d98AC3474eBf550716d0cb83E8C6,0,0x863716642323dae111c6c46f35251ac88df042ca,1,30000000000000000000,39745668,186930,5023221,1743181193,0x54842f89cc18f3507161c3f90f35aeaec32658b747aca6221fd66fa5cc966ea2,NewSale
0xC0DEc165A5d6e6766Fbc35c977f89535899D0411,77663,0xbc2d6E7c81E7f35473b3594031FCC4c519fD24Ad,0,0xb96be0721713f1488154a8da7727688c40908e13,1,249999950000000,39870000,142201,5023226,1743181203,0xda61eadce9beaf18c27b5dd1659538eb4ea70071fce839da5074317aa4e3ec01,NewSale
0xC0DEc165A5d6e6766Fbc35c977f89535899D0411,77662,0xbc2d6E7c81E7f35473b3594031FCC4c519fD24Ad,0,0xac9c7b6cd8b7d9da658132cdc14e424329a06984,1,249999960000000,39710255,142189,5023234,1743181219,0x07964b568b81f2e60ac61faeafd693f214e8bd01f2f53f7caeebab95a77c7855,NewSale
0xC0DEc165A5d6e6766Fbc35c977f89535899D0411,77663,0xbc2d6E7c81E7f35473b3594031FCC4c519fD24Ad,0,0x69e82e876c179e83298d9e23a4de712e6ecdbc8e,1,249999950000000,39290000,159301,5023270,1743181291,0xbb03db3803a40d7e63e8846fe61b5225a177f22610bb798789be85ac1d78f5d5,NewSale
0xC0DEc165A5d6e6766Fbc35c977f89535899D0411,77663,0xbc2d6E7c81E7f35473b3594031FCC4c519fD24Ad,0,0xb96be0721713f1488154a8da7727688c40908e13,1,249999950000000,38990000,142201,5023285,1743181321,0xdd6ad5e35d6b0d24406208ae36d3c81374f8bbb6406519fa88adb7d2df17ce3d,NewSale
0xC0DEc165A5d6e6766Fbc35c977f89535899D0411,77663,0xbc2d6E7c81E7f35473b3594031FCC4c519fD24Ad,0,0x7675c83ad9175b6e6bbadae22346d883ff457d1b,1,249999950000000,39023992,159301,5023295,1743181341,0x2d1475870e17943663d30ae6a2b8b7ac610ca06d96a78bcc150d66cbf87e33ed,NewSale
0x0cbBa228FFC2275F77f7eBd2fc0997eF2e7D7D44,81501,0xbc2d6E7c81E7f35473b3594031FCC4c519fD24Ad,1,0x69e82e876c179e83298d9e23a4de712e6ecdbc8e,1,270000000000000,38970000,157678,5023303,1743181357,0x32f69d33b7f8022d5a542405d91d706d8d26d06238c8c64e91807b04f4bf634d,NewSale
0xC0DEc165A5d6e6766Fbc35c977f89535899D0411,77663,0xbc2d6E7c81E7f35473b3594031FCC4c519fD24Ad,0,0x69e82e876c179e83298d9e23a4de712e6ecdbc8e,1,249999950000000,39020000,142201,5023318,1743181387,0xaacc55fab923a93f04e77b385d417cf9485bc405e021836da5bebdc178a61bde,NewSale
0x3cE92B8009e1ee72931d0cbd25735C05aEa935Bf,83055,0xbc2d6E7c81E7f35473b3594031FCC4c519fD24Ad,1,0x69e82e876c179e83298d9e23a4de712e6ecdbc8e,1,249900000000000,38840000,135778,5023330,1743181411,0x8a1c726b58047770145da2fe7452640a058a8cdbaa8f113970781982d36ac759,NewSale
0xC0DEc165A5d6e6766Fbc35c977f89535899D0411,77663,0xbc2d6E7c81E7f35473b3594031FCC4c519fD24Ad,0,0x7301d2c067a65d2f0e892ce9810f4d936cfa6136,1,249999950000000,38543546,142201,5023356,1743181463,0xe02e319e5b2f5826df0f4afb8e5b02335321caa45b03adc6540aba5dd2407a6b,NewSale
0x8D6C4Fcdfc8210609e2205350Ab7Af3278a33df8,83033,0xdc0F91C5a4D200FfC21658901c77c0fE1A14d199,0,0xc73b6f61fc4a3dc5cf1505cf9187ba8c6f25d114,1,1700000,38734033,203668,5023379,1743181509,0xf6d3f229774bec80cd86a91d77d79a0043ef66ef7d4a9471420446d4cd7df89a,NewSale
0x8D6C4Fcdfc8210609e2205350Ab7Af3278a33df8,83012,0xdc0F91C5a4D200FfC21658901c77c0fE1A14d199,0,0x6ca7b1da16b0d1c48fe936f2dd8c2d1a8af22b1f,1,640000000000000,37648194,167271,5023393,1743181537,0x0b3e7a444ad46e68bd03f1cbfdf3c779e0dcab8608dfbe0ba28df31beeec0ef0,NewSale
0xC0DEc165A5d6e6766Fbc35c977f89535899D0411,77663,0xbc2d6E7c81E7f35473b3594031FCC4c519fD24Ad,0,0x7301d2c067a65d2f0e892ce9810f4d936cfa6136,1,249999950000000,39025180,142201,5023417,1743181585,0x9f15ecba1410f711f544d52f5b6e63d23ade2d6959f8a89c9c858b3865940c0c,NewSale
0xbA82C2f4d2F246b92d7b03f8896529598EEF1D5E,82450,0x2Bf46D4497e98FbA2304B0d2453922FFf559Ea02,75,0x2a0ca244e1821ce0bdc9289128cd33a99d9a7cc1,1,580000000000000,38952659,162483,5023425,1743181601,0x87341aecce27facee8a19a7e37649333954b6b32f439ccc8b4234178e59d9382,NewSale
0xE06B9a01b50F2a4d8efAA4BB1C8a28Da13e54Ee7,79404,0x3C64026f79C997E422d84ACf7c318C28c73DDAaA,19,0x2a0ca244e1821ce0bdc9289128cd33a99d9a7cc1,1,800000000000000,39322706,162471,5023443,1743181637,0x8dabc74a4258a86c2c9e57e9d29b043ec079b9f18aaf29d7606ff1c52c6cfd57,NewSale
0xdA503d1282f27C72B1a802e25370F87b28629Ef5,81512,0xbc2d6E7c81E7f35473b3594031FCC4c519fD24Ad,0,0x610e982bcf80427d1f8492334ece4e049f3db2c8,1,270000000000000,38422706,140578,5023443,1743181637,0x7c18339ec89d2cb868adf839c8faf6f01d706a3872962cfc8b74f6ccc09c777d,NewSale
0x69e82E876c179e83298d9e23a4de712E6ECdbC8E,83059,0xbc2d6E7c81E7f35473b3594031FCC4c519fD24Ad,0,0x6f43694b1dbd3af3e1164eb7ec0a569a0f06c5c2,1,230000000000000,39190000,140578,5023444,1743181639,0x58700fac4b6abf3dbcf71a06610cc83b653bd93c55d58c91d3040ee681f05152,NewSale
0xE4f4BaEd82d30f2244fE1722aeda37dEF4B38Ddc,82409,0xDfC21bE7cC791a5f03A95E836D385bBC6d7dF384,1372,0xc380317ddcba652f37f2333d08d318517ef002f9,1,630000000000000,39463444,155258,5023449,1743181649,0x02a8e7b9ec25c2f6b77001518340f64ebd189603056aa7141abcb43728e882ca,NewSale
0xC0DEc165A5d6e6766Fbc35c977f89535899D0411,77663,0xbc2d6E7c81E7f35473b3594031FCC4c519fD24Ad,0,0xb96be0721713f1488154a8da7727688c40908e13,1,249999950000000,39190000,142201,5023449,1743181649,0x705f2beee3fc79e03d37910b53d1a1e80b0740a1a7990c071b2a917b35ac3fff,NewSale
0x8D6C4Fcdfc8210609e2205350Ab7Af3278a33df8,83015,0xdc0F91C5a4D200FfC21658901c77c0fE1A14d199,0,0x4092acf3ed8471ed969a103780991dcd5479e47b,1,640000000000000,39370000,150171,5023454,1743181659,0xd37f3ec21029f8bb4432cd8f195eba5be492435fdae974d8bdf7898e691c9a6d,NewSale
0xdc23AB2eC3B6446278E614F8347948c50f20217e,81517,0xbc2d6E7c81E7f35473b3594031FCC4c519fD24Ad,1,0x6f43694b1dbd3af3e1164eb7ec0a569a0f06c5c2,1,270000000000000,39380000,140578,5023455,1743181661,0x423eef5fdd8a8cb114fab3fa357355dc7d7035281452d926bb616642daac0909,NewSale
0xbAa9672503be4067CCc6eBB08BEe52af3e0b3b4C,82887,0x2Bf46D4497e98FbA2304B0d2453922FFf559Ea02,0,0x2a0ca244e1821ce0bdc9289128cd33a99d9a7cc1,1,599900000000000,39386090,164783,5023460,1743181671,0x9e1cc8f67b2b2ef4527b416663e2c50cb5c3e959eac480abf8c369b74fe082e8,NewSale
0x3d3E9d5C865CD1f09063652A7ACeb9b033DDdCd7,83062,0xbc2d6E7c81E7f35473b3594031FCC4c519fD24Ad,0,0x7675c83ad9175b6e6bbadae22346d883ff457d1b,1,200000000000000,39574187,140578,5023467,1743181685,0xd6117e68789bebbc81af02b9cf9d5b22068b0f359fdeb914f6d588a1e88b9ef3,NewSale
0x69e82E876c179e83298d9e23a4de712E6ECdbC8E,83063,0xbc2d6E7c81E7f35473b3594031FCC4c519fD24Ad,1,0xb96be0721713f1488154a8da7727688c40908e13,1,220000000000000,39470000,157678,5023480,1743181711,0xe6197d9854654c48e5b52ca2eda95985d91686adeaf9cbbcd49479eedbcb1202,NewSale
0xC0DEc165A5d6e6766Fbc35c977f89535899D0411,77661,0xbc2d6E7c81E7f35473b3594031FCC4c519fD24Ad,0,0xc380317ddcba652f37f2333d08d318517ef002f9,1,249999970000000,39441215,142201,5023480,1743181711,0xd31027b417a72dc85136268755c9655791348826dc61e87a742a7533b3af13bd,NewSale
0x30e385A63834a49d8C27f9a47F57297406336441,83056,0x02e21A25F0038fa5BDEe9c0b77aC0c1E84d3d6f0,2372,0x0cd5e7c7fc12c9fcd2673cf0f7e168e661060a50,1,469000000000000,39525611,155258,5023483,1743181717,0xceb1ad168a92b72a311e320c0df42b9e3f6aaf529e7a0982457639c4920a6f2f,NewSale
0xbAa9672503be4067CCc6eBB08BEe52af3e0b3b4C,83017,0x2Bf46D4497e98FbA2304B0d2453922FFf559Ea02,3,0x2a0ca244e1821ce0bdc9289128cd33a99d9a7cc1,1,599900000000000,39441054,164783,5023487,1743181725,0x1d102bdb355024d04703776662357654223d547d9af4aa4af1a5b74098bcd8fc,NewSale
0xD522cEa188322971A6a67340823B9ffcB6E9B34A,81524,0xbc2d6E7c81E7f35473b3594031FCC4c519fD24Ad,0,0xc380317ddcba652f37f2333d08d318517ef002f9,1,270000000000000,39696792,135778,5023501,1743181753,0xdb1afa5def1be2706f7db545433da70fd6bbec1140449afe34c4c5d584728972,NewSale
0x69e82E876c179e83298d9e23a4de712E6ECdbC8E,83061,0xbc2d6E7c81E7f35473b3594031FCC4c519fD24Ad,1,0xb96be0721713f1488154a8da7727688c40908e13,1,230000000000000,39550000,135778,5023501,1743181753,0x89d0b0ad112d61ae0a1820e78583490fb25d9fb1fbed031080da4c884a2bb60e,NewSale
0x01bCe3F1d4089Ff6aB4F486012B4DFc00f1852cF,81959,0xdc0F91C5a4D200FfC21658901c77c0fE1A14d199,0,0x857aaaef91a4f2bec67595c31211e1c996c44e2b,1,650000000000000,39522088,162483,5023507,1743181765,0x9b669524da0c24d6bd70bb756695e23721b8b7603b7e7c38d59433a7430d30d4,NewSale
0x69e82E876c179e83298d9e23a4de712E6ECdbC8E,83058,0xbc2d6E7c81E7f35473b3594031FCC4c519fD24Ad,0,0xb96be0721713f1488154a8da7727688c40908e13,1,230000000000000,39570000,135778,5023518,1743181787,0xb6b1de97c68e44dae04a3146db90cd8f71037cbf05284be686e2811faafba793,NewSale
0xbAa9672503be4067CCc6eBB08BEe52af3e0b3b4C,82896,0x2Bf46D4497e98FbA2304B0d2453922FFf559Ea02,1,0x2a0ca244e1821ce0bdc9289128cd33a99d9a7cc1,1,599900000000000,39504707,164783,5023519,1743181789,0x68ab35b3243a1c1853c55b8a17cdd9c2f750a82dd1c7dfe9db759afc2a6f4291,NewSale
0xC0DEc165A5d6e6766Fbc35c977f89535899D0411,77662,0xbc2d6E7c81E7f35473b3594031FCC4c519fD24Ad,0,0xc380317ddcba652f37f2333d08d318517ef002f9,1,249999960000000,39640447,142189,5023521,1743181793,0xc2dc7de46d812c73182be9734e7ed368e69792876698839564f2690587642e3a,NewSale
0x6F19669DC8913eC4cFCDc48c173950fe79E28eCc,83060,0xbc2d6E7c81E7f35473b3594031FCC4c519fD24Ad,1,0xbe1a5e8a7d50eafe07cc95a5a6dd47b7694f9baf,1,249900000000000,39439940,152878,5023530,1743181811,0x6175aede309d2d2d865ef6969507e97890074594ab176f66b084c8a6dd5a399d,NewSale
0xC0DEc165A5d6e6766Fbc35c977f89535899D0411,77659,0xbc2d6E7c81E7f35473b3594031FCC4c519fD24Ad,0,0xc380317ddcba652f37f2333d08d318517ef002f9,1,249999980000000,39485566,142177,5023543,1743181837,0x282eb29a0f9d381a82f9cf446f754e089d86882f0496262d769b35809448afa8,NewSale
0xef71052b1799a144D0A22de1679689c40F2cb46D,83057,0xbc2d6E7c81E7f35473b3594031FCC4c519fD24Ad,1,0xb96be0721713f1488154a8da7727688c40908e13,1,249900000000000,39400000,135778,5023547,1743181845,0x91579b453c00c1aad66c165b66d83f59339e8ba9f7991184ff42686b73977f90,NewSale
0x74B0d6c19716a605693CAbfb034b49AD0e818dFe,82066,0xDfC21bE7cC791a5f03A95E836D385bBC6d7dF384,1363,0xe8e091da5cadb76149079537007dd504e8c3cb77,1,900000,39640000,188205,5023559,1743181869,0xe4779b9868d7e01ab00a88b64e43b1223e7b350f79f8078bc645881b892b4a01,NewSale
0xB3D02fBBD339eB7b264C321e9e5a633878e1a94E,83065,0xbc2d6E7c81E7f35473b3594031FCC4c519fD24Ad,1,0xb96be0721713f1488154a8da7727688c40908e13,1,249900000000000,39360000,135778,5023564,1743181879,0x6ffe5d62aa2191c4e3e34bc53cbed3851adbef03330db08fc377ed5f2a2aa0d4,NewSale
0xbAa9672503be4067CCc6eBB08BEe52af3e0b3b4C,83013,0x2Bf46D4497e98FbA2304B0d2453922FFf559Ea02,2,0x2a0ca244e1821ce0bdc9289128cd33a99d9a7cc1,1,599900000000000,39680463,164783,5023587,1743181925,0xbfdae34b4278535e0090841dcd3f5ba11f464d78acb561e47d571ffa59bb1575,NewSale
0xf67bc52Ea5A59bE8a033e313224387dE7b48f4ad,83068,0xbc2d6E7c81E7f35473b3594031FCC4c519fD24Ad,1,0x69e82e876c179e83298d9e23a4de712e6ecdbc8e,1,249900000000000,39750000,152878,5023596,1743181943,0xe5cbe134c35e9715e1b1a1a0cbeb8ae0eea7cf2b512f29c80a8805cc725a1e66,NewSale
0xE06B9a01b50F2a4d8efAA4BB1C8a28Da13e54Ee7,79386,0x2Bf46D4497e98FbA2304B0d2453922FFf559Ea02,67,0x2a0ca244e1821ce0bdc9289128cd33a99d9a7cc1,1,800000000000000,39649659,162471,5023625,1743182001,0xd636cce7087bb7640afb92f5a8048a8472c8c50a3e471e467c400ccca2b0ba3b,NewSale
0xE06B9a01b50F2a4d8efAA4BB1C8a28Da13e54Ee7,79388,0x2Bf46D4497e98FbA2304B0d2453922FFf559Ea02,53,0x2a0ca244e1821ce0bdc9289128cd33a99d9a7cc1,1,800000000000000,39461013,162471,5023656,1743182063,0x81dd75c87a42119939b31859268ae864fbf4dab5d8cf8ee1d96838ee04d14472,NewSale
0xD522cEa188322971A6a67340823B9ffcB6E9B34A,81514,0xbc2d6E7c81E7f35473b3594031FCC4c519fD24Ad,1,0x610e982bcf80427d1f8492334ece4e049f3db2c8,1,270000000000000,38303242,140578,5023692,1743182135,0x93ba609c97cad1b94e5de7f1012eb8159960563f9832857ad148caab34d91e01,NewSale
0xbAa9672503be4067CCc6eBB08BEe52af3e0b3b4C,83075,0x2Bf46D4497e98FbA2304B0d2453922FFf559Ea02,83,0x2a0ca244e1821ce0bdc9289128cd33a99d9a7cc1,1,777000000000000,39112379,164783,5023698,1743182147,0xb9715f7409b315491b718f5f905e11b8d18cac347de7e544f4a7698200a3f5b3,NewSale
0x69e82E876c179e83298d9e23a4de712E6ECdbC8E,83073,0xbc2d6E7c81E7f35473b3594031FCC4c519fD24Ad,1,0x3dea2109e83eb27a365feca04f7d0cc956c9f41b,1,230000000000000,38098948,152878,5023707,1743182165,0x71e1dd860a0c304fb82e5b89c581cd6b845c107943e6cd3361c7c2e893bf1e2f,NewSale
0x3622f65FD23069a9d9A0dff964Af565Db614c6cE,83076,0xbc2d6E7c81E7f35473b3594031FCC4c519fD24Ad,1,0x863716642323dae111c6c46f35251ac88df042ca,1,249900000000000,39317876,152878,5023722,1743182195,0xc20e64c172ebf23fedefb520f6c150c3cf542794e382dc63d3d8d07923139619,NewSale
0x8D6C4Fcdfc8210609e2205350Ab7Af3278a33df8,83045,0xdc0F91C5a4D200FfC21658901c77c0fE1A14d199,0,0xb6749c840fe7ed0b99190377fd93075bac3f5aca,1,640000000000000,38532152,150171,5023724,1743182199,0x022272c4b166883d435d73f3fbe73e0ba8a1d6ef23b9d6adb899911576b03eb8,NewSale
0x6F43694B1dbD3af3e1164EB7eC0a569A0F06c5c2,83074,0xbc2d6E7c81E7f35473b3594031FCC4c519fD24Ad,1,0x8eba209e47bd2de79b5aa8e3496ecef9e632b77e,1,364000000000000,38450047,157690,5023727,1743182205,0xe3b5b26c7b57d3ff3a72bf08282377974a1ef1b780b6ea93498913bd012f545d,NewSale
0x6F43694B1dbD3af3e1164EB7eC0a569A0F06c5c2,83066,0xbc2d6E7c81E7f35473b3594031FCC4c519fD24Ad,0,0x01537d9f7434b5985d553786c944d1d710049334,1,300000000000000,39283102,140590,5023738,1743182227,0x70d8dc3e01d482bb9b19ed62e6c820984ffa0d52b0ac4ae5e6eff222a406f90f,NewSale
0xeb418E53EFcDc351137C9A81c70967b8D7063f4C,83053,0x7e5F161dd824d98AC3474eBf550716d0cb83E8C6,0,0x83695660fa0df6700f2aa0a6352a76559428ebd8,1,500000000000000,39315855,164783,5023740,1743182231,0x83f96ce8dea583546f5ad1d2f40f2bccb1f7dce0752477c68f8bd0b293cb5126,NewSale
0xE06B9a01b50F2a4d8efAA4BB1C8a28Da13e54Ee7,79392,0x2Bf46D4497e98FbA2304B0d2453922FFf559Ea02,88,0x2a0ca244e1821ce0bdc9289128cd33a99d9a7cc1,1,800000000000000,39668102,162471,5023770,1743182291,0xd49c22d826c7dad189c5f9211f9126061f2d69e8beee466c81f246ec8f60927d,NewSale
0xe003E18125004b74f0EC1c2ae6aadCaFEBd414C6,82357,0x897d1cBBeDC44c8371672e8cA72555b5194D6D86,0,0x2defa61a55dfeaa4a7542c75af986a288d290e89,1,1000000000000000,39520000,167299,5023773,1743182297,0x419b6a3aad0f8d0e704cfe5c7b0abf639bbef041a6a5bcb53e8ca1369f4965a4,NewSale
0xC0DEc165A5d6e6766Fbc35c977f89535899D0411,77663,0xbc2d6E7c81E7f35473b3594031FCC4c519fD24Ad,0,0x3dea2109e83eb27a365feca04f7d0cc956c9f41b,1,249999950000000,38848183,142201,5023779,1743182309,0x4fe5ba8d309ada71ab1f8a23280640e014cb45eeceb9b0ff2333c0c4fbe70bf3,NewSale
0x8D6C4Fcdfc8210609e2205350Ab7Af3278a33df8,83040,0xdc0F91C5a4D200FfC21658901c77c0fE1A14d199,0,0x61db7239707f7c908fdb97b85611d33ac06a4e36,1,1650000,39810102,186568,5023808,1743182367,0xb30445090c46aeb0523463456fefe8e3fb4a81902b064febb9d5f5636001b9d5,NewSale
0x2AEE0c7536280B05C265a4b77E716A7d8781310f,83072,0xbc2d6E7c81E7f35473b3594031FCC4c519fD24Ad,1,0x973b964df0b48c47d8e11f71dc04e393fe9be3c1,1,249900000000000,39680000,152878,5023830,1743182411,0x60f71b71df6dd5779fb65cbea4ed585770abc47644e37c6d2ba0ad8dcfb058f5,NewSale
0xC0DEc165A5d6e6766Fbc35c977f89535899D0411,77663,0xbc2d6E7c81E7f35473b3594031FCC4c519fD24Ad,0,0xf47b8faa4f71f00ddd7b06c7c167786d9dfb807b,1,249999950000000,39760220,142201,5023853,1743182457,0x13ac55dfc315ebfce37441f0a34ee516c256d50814cf3c9869681536b7e8bc43,NewSale
0xC0DEc165A5d6e6766Fbc35c977f89535899D0411,77663,0xbc2d6E7c81E7f35473b3594031FCC4c519fD24Ad,0,0x905a167f56935885c1aeb24b10dbab9eb7a6740c,1,249999950000000,39720000,159301,5023860,1743182471,0xae858050ebcae6eda083228b43499478025b591c3e87910fae3eb588d6f46598,NewSale
0x5826E6d259C4AF3F9A0A92A62083A1dA5716c6b1,83078,0xbc2d6E7c81E7f35473b3594031FCC4c519fD24Ad,1,0x973b964df0b48c47d8e11f71dc04e393fe9be3c1,1,249900000000000,39720000,135778,5023864,1743182479,0x11d5fd668ef0a4767ff6198f770c6ffe15fd39f990440c8780f42d08f9adf77d,NewSale
0x4a7cF64b58E06404ACFC295D516dec86b36ecE62,83085,0xbc2d6E7c81E7f35473b3594031FCC4c519fD24Ad,1,0x973b964df0b48c47d8e11f71dc04e393fe9be3c1,1,249900000000000,39470000,135778,5023888,1743182527,0x548a4a8d680b81e1405b17098576980e9f633e2444aecb26810636128a86ab1d,NewSale
0x9054D405e55Dc35621d550003a0e23bFC3f063cb,82002,0xdc0F91C5a4D200FfC21658901c77c0fE1A14d199,0,0x679ff8b061a0f544fa6d66b022ebfb5dfa115fbd,1,1000000000000000,38622530,167283,5023902,1743182555,0x5f9f47d713f28e6d0fa92daf54322068bd383a8c28d0a3a8fdedccfb1f499112,NewSale
0xC0DEc165A5d6e6766Fbc35c977f89535899D0411,77663,0xbc2d6E7c81E7f35473b3594031FCC4c519fD24Ad,0,0x973b964df0b48c47d8e11f71dc04e393fe9be3c1,1,249999950000000,39360000,142201,5023926,1743182603,0x1d83d394f1f2d9adb2e2ddea39ef5b2c7a8e163299a457519ba6773953ac9068,NewSale
0x6F43694B1dbD3af3e1164EB7eC0a569A0F06c5c2,83070,0xbc2d6E7c81E7f35473b3594031FCC4c519fD24Ad,0,0x8eba209e47bd2de79b5aa8e3496ecef9e632b77e,1,314200000000000,38268913,140590,5023939,1743182629,0xc064fea6f5cc8d0190fb68de90dd3d2b7253d04048bd8230d8d34e6b80bfa158,NewSale
0x257A9C6BF3a574874356dBA81A8BF13fE3c45716,83081,0xbc2d6E7c81E7f35473b3594031FCC4c519fD24Ad,1,0x24fdc58d452e89105eb98056d688bb1e645ec7a1,1,249900000000000,39210068,152878,5023945,1743182641,0x18a0ac36da56c7bc8ef5f6f599a78558568f80c9ae6a94fb0a8d612a66df9f2b,NewSale
0x6F43694B1dbD3af3e1164EB7eC0a569A0F06c5c2,83071,0xbc2d6E7c81E7f35473b3594031FCC4c519fD24Ad,1,0x8eba209e47bd2de79b5aa8e3496ecef9e632b77e,1,316430000000000,38180292,135790,5023960,1743182671,0x3a5d6ccd2753b5b7eaa8719c27bf1c102aee718978cdaddc4ef3959e6173f20c,NewSale
0xC0DEc165A5d6e6766Fbc35c977f89535899D0411,77662,0xbc2d6E7c81E7f35473b3594031FCC4c519fD24Ad,0,0x905a167f56935885c1aeb24b10dbab9eb7a6740c,1,249999960000000,39020000,142189,5023968,1743182687,0xf833bd4dfe9f8a205626b87771d1c79f8d42124052519091a689c245b2b18545,NewSale
0xC0DEc165A5d6e6766Fbc35c977f89535899D0411,77663,0xbc2d6E7c81E7f35473b3594031FCC4c519fD24Ad,0,0x973b964df0b48c47d8e11f71dc04e393fe9be3c1,1,249999950000000,39020000,142201,5023974,1743182699,0x37fc66cb9b28c675b7542c80f6b296db9a901d365b6be82832a4ec54c10f4a3e,NewSale
0xE4f4BaEd82d30f2244fE1722aeda37dEF4B38Ddc,82440,0xDfC21bE7cC791a5f03A95E836D385bBC6d7dF384,1368,0x2defa61a55dfeaa4a7542c75af986a288d290e89,1,630000000000000,39020000,155258,5023977,1743182705,0x667e4feb41c2e395613f2ab1a049030006f3abd7be3f6a683a06b7bfc0eca913,NewSale
0x5FC82c6b0075f63171a534aefB79615fC063749C,83091,0xbc2d6E7c81E7f35473b3594031FCC4c519fD24Ad,1,0x973b964df0b48c47d8e11f71dc04e393fe9be3c1,1,249900000000000,38790000,135778,5023997,1743182745,0x406bd62387de7bf360a5e0c2c86cf57f20325271baa0e967727bb1564bc18089,NewSale
0x74B0d6c19716a605693CAbfb034b49AD0e818dFe,82069,0xDfC21bE7cC791a5f03A95E836D385bBC6d7dF384,1364,0x2defa61a55dfeaa4a7542c75af986a288d290e89,1,900000,38880000,171117,5024006,1743182763,0x686ae05d67770643b4ffd9070f36759e1f8f626ff5786370d91912f73d116b70,NewSale
0xC0DEc165A5d6e6766Fbc35c977f89535899D0411,77663,0xbc2d6E7c81E7f35473b3594031FCC4c519fD24Ad,0,0x973b964df0b48c47d8e11f71dc04e393fe9be3c1,1,249999950000000,38970000,142201,5024016,1743182783,0x4881c4bebf6c00ac6df1fca125dcc77430406132253afc9ccfa7695bc52f6f04,NewSale
0xeFb578932f36b3bA76D09ab6Fb471637d1419cEC,83093,0xbc2d6E7c81E7f35473b3594031FCC4c519fD24Ad,1,0x3fcb7fca376dc495f13549019660c282f19bb407,1,249900000000000,70000000,152878,5024025,1743182801,0xfafeb17b7ec998bb49130e2fc37688bce8522dc16c269cf2c78ca5cdc0c49995,NewSale
0xE4f4BaEd82d30f2244fE1722aeda37dEF4B38Ddc,82467,0xDfC21bE7cC791a5f03A95E836D385bBC6d7dF384,1370,0x2defa61a55dfeaa4a7542c75af986a288d290e89,1,639000000000000,38990000,138158,5024037,1743182825,0xf859a29ea938f5bce194139b6cd6d7688003c1f46f88f002c449963026d90235,NewSale
0x230bFf75310590b1Ac4B5Fd4fb34A7cee8282Ea9,73362,0x6aD26D68bFf8cAD6bAaeA257832854e58B08150E,1,0xf6599984411f3c39196e3c796fca70b79ef11f02,1,600000000000000,39064182,164783,5024067,1743182885,0x1dc007a609974a7d9916c7531a2d2302e5625516eedc535525be9e402278c110,NewSale
0xbAa9672503be4067CCc6eBB08BEe52af3e0b3b4C,83077,0x2Bf46D4497e98FbA2304B0d2453922FFf559Ea02,77,0x2defa61a55dfeaa4a7542c75af986a288d290e89,1,777000000000000,39100000,164783,5024079,1743182909,0xfdbea16b6e28ffbc88d1bca69305f5c138b6d721de1565af3adb8d6fec9ee540,NewSale
0xC0DEc165A5d6e6766Fbc35c977f89535899D0411,77661,0xbc2d6E7c81E7f35473b3594031FCC4c519fD24Ad,0,0x905a167f56935885c1aeb24b10dbab9eb7a6740c,1,249999970000000,39040000,142201,5024083,1743182917,0x6e86084136d438ad5b2bc5a678f3fa72c1facd26a81b5d725f4e7e9bee9d36fb,NewSale
0x905a167F56935885c1aEb24B10DBAB9eb7a6740c,83095,0xbc2d6E7c81E7f35473b3594031FCC4c519fD24Ad,0,0x8eba209e47bd2de79b5aa8e3496ecef9e632b77e,1,280000000000000,38261354,140578,5024096,1743182943,0xbda80d416c797bead3fcfb926d825294d4919b57c2b644ea2e68bf5bbcdcedfd,NewSale
0xc3240eC4aa7362AC7b81eD45F3f7A084D4C4d551,79145,0x4489A334E66076933e76337E3eC7376BA84f0864,0,0xf6599984411f3c39196e3c796fca70b79ef11f02,1,500000000000000,39075952,162483,5024107,1743182965,0x8df58332c176cabd69d456d0ba66f884ce7648dcc3079227da9bce5468ad7433,NewSale
0x41f07238C5096Eb7eb68c50FE8AE5AdDECBBF5C2,80641,0xbFCACb23F0B41EeEDFf7d04f52CE8f5125150806,4,0x2defa61a55dfeaa4a7542c75af986a288d290e89,1,500000000000000,39130000,164783,5024130,1743183011,0x1c736fbbc26fb9919c7b692f2a9351d48e511566dae83d0006b1b48a25be1e97,NewSale
0xf47B8FAA4F71F00Ddd7b06c7c167786d9dfb807b,83106,0xbc2d6E7c81E7f35473b3594031FCC4c519fD24Ad,0,0xf6599984411f3c39196e3c796fca70b79ef11f02,1,230000000000000,39215593,140578,5024136,1743183023,0x8e03b3b46b84e2a43fa41dda58431be7c3c306fd1ba18ba200753331ca6c1c10,NewSale
0x41f07238C5096Eb7eb68c50FE8AE5AdDECBBF5C2,80643,0xbFCACb23F0B41EeEDFf7d04f52CE8f5125150806,2,0x2defa61a55dfeaa4a7542c75af986a288d290e89,1,500000000000000,39160000,164783,5024147,1743183045,0xed4c3ee2962e0ac470be9ba0a821f50be4ca522f5f52c74ecc29c0a58648977a,NewSale
0xE4f4BaEd82d30f2244fE1722aeda37dEF4B38Ddc,82443,0xDfC21bE7cC791a5f03A95E836D385bBC6d7dF384,1369,0xf6599984411f3c39196e3c796fca70b79ef11f02,1,630000000000000,38969920,150458,5024160,1743183071,0x7751dcac7f8d5a42b1e6e224568e1c29f3d5e03b6e7a9fc4d4e24980ffcf78e0,NewSale
0x41f07238C5096Eb7eb68c50FE8AE5AdDECBBF5C2,80650,0xbFCACb23F0B41EeEDFf7d04f52CE8f5125150806,10,0x2defa61a55dfeaa4a7542c75af986a288d290e89,1,500000000000000,38930000,164783,5024164,1743183079,0xea633e42cc6534f894a19a897ba211ad1e720dd5b2eb0ba1d118fddd92470537,NewSale
0x41f07238C5096Eb7eb68c50FE8AE5AdDECBBF5C2,80642,0xbFCACb23F0B41EeEDFf7d04f52CE8f5125150806,3,0xf6599984411f3c39196e3c796fca70b79ef11f02,1,500000000000000,38649540,164783,5024197,1743183145,0xff3ade6659a4c4c81987a275f1babf8aa02e69c9cf7c2c1559bcbaeff5d775e5,NewSale
0xbe1a5E8a7D50eAFE07CC95A5a6Dd47b7694F9baf,83092,0xbc2d6E7c81E7f35473b3594031FCC4c519fD24Ad,1,0x8eba209e47bd2de79b5aa8e3496ecef9e632b77e,1,300000000000000,37749540,135790,5024197,1743183145,0x27b0740a6813745e560ee77f6a97e883c90c65704d41205e1ecd5ab17ab7aa00,NewSale
0x3A9CF2d8471240B7fE747d3F401Ee04dCc528847,83094,0xbc2d6E7c81E7f35473b3594031FCC4c519fD24Ad,1,0x8eba209e47bd2de79b5aa8e3496ecef9e632b77e,1,249900000000000,37673959,135778,5024199,1743183149,0x30ad8559fb9fbe53eaeb1915bc0095e9e017fd60658d7274be84715229b585de,NewSale
0x41f07238C5096Eb7eb68c50FE8AE5AdDECBBF5C2,80654,0xbFCACb23F0B41EeEDFf7d04f52CE8f5125150806,6,0x2defa61a55dfeaa4a7542c75af986a288d290e89,1,500000000000000,38660000,164783,5024202,1743183155,0x570952b07a6376ead5798f22c769f3d9c4b19508de1abf72c92ea7d4f409d05c,NewSale
0x8D6C4Fcdfc8210609e2205350Ab7Af3278a33df8,83039,0xdc0F91C5a4D200FfC21658901c77c0fE1A14d199,0,0x2606ad5e84f1f5c667322190c3f8b403da65ecd4,1,1700000,38685412,186568,5024206,1743183163,0x9188b7eaee80cba52d5a18b8a8f85af5d5b58afb472cfede3c2b4001ad674997,NewSale
0x41f07238C5096Eb7eb68c50FE8AE5AdDECBBF5C2,80657,0xbFCACb23F0B41EeEDFf7d04f52CE8f5125150806,3,0x2defa61a55dfeaa4a7542c75af986a288d290e89,1,500000000000000,38580000,164783,5024222,1743183195,0xdbce88d400f1279aedae8f51dfc59bff988ead53c71dccf5c8382586b5f71d76,NewSale
0xa4B60645b598ebB532E087476d50124c24FbB34a,83111,0xbc2d6E7c81E7f35473b3594031FCC4c519fD24Ad,1,0x01537d9f7434b5985d553786c944d1d710049334,1,249900000000000,38092330,152878,5024263,1743183277,0xd8889c2d35f96e4e785bfd0dddb518ff6bee5b0db7a00c99b45a59227f7abf34,NewSale
0xeb418E53EFcDc351137C9A81c70967b8D7063f4C,78583,0x7e5F161dd824d98AC3474eBf550716d0cb83E8C6,0,0xc1cc4265b952099b8540e30fcbe996b7f59ca367,1,500000000000000,37850640,164783,5024281,1743183313,0x4861b4ad973ce8c4366dcbb387b372d479b34a52f5e9e5853ec54f18c4ad876b,NewSale
0x973B964Df0b48C47D8E11F71dC04e393fE9be3c1,83122,0xbc2d6E7c81E7f35473b3594031FCC4c519fD24Ad,0,0x8eba209e47bd2de79b5aa8e3496ecef9e632b77e,1,250000000000000,36823616,140578,5024283,1743183317,0x58d88cc5a978170f2829eb151ef70354b2c8c389e17fe8e2c41f4576ffabb629,NewSale
0xf47B8FAA4F71F00Ddd7b06c7c167786d9dfb807b,83107,0xbc2d6E7c81E7f35473b3594031FCC4c519fD24Ad,0,0xe003e18125004b74f0ec1c2ae6aadcafebd414c6,1,230000000000000,38010000,135766,5024301,1743183353,0xb9b33bce05ccfe6bb5486279b813a478188baf416e7e1906efc797e56c65f044,NewSale
0x41f07238C5096Eb7eb68c50FE8AE5AdDECBBF5C2,80653,0xbFCACb23F0B41EeEDFf7d04f52CE8f5125150806,7,0xc1cc4265b952099b8540e30fcbe996b7f59ca367,1,500000000000000,37959552,164783,5024303,1743183357,0xb20091ed6a291e21392eb05699c2545a432cba451c7d4127591ce5149d422d03,NewSale
0x973B964Df0b48C47D8E11F71dC04e393fE9be3c1,83116,0xbc2d6E7c81E7f35473b3594031FCC4c519fD24Ad,1,0x8eba209e47bd2de79b5aa8e3496ecef9e632b77e,1,260000000000000,36959552,140578,5024303,1743183357,0x71300e6a718c3abc0fa97576082a7a3c576396fc93fd6ae0877bcd50977cd552,NewSale
0x41f07238C5096Eb7eb68c50FE8AE5AdDECBBF5C2,80652,0xbFCACb23F0B41EeEDFf7d04f52CE8f5125150806,8,0xc1cc4265b952099b8540e30fcbe996b7f59ca367,1,500000000000000,37590329,164783,5024320,1743183391,0x1ff6fb17868026633e7192b7f691ee2e562aabf910cfff6da0b77ed3bad14e46,NewSale
0x3919c715C543f8d83d7A4D52606bbF7F46248e11,82303,0xEB255E4669Da7FeEf1F746a5a778b4e08b65a1A7,0,0x3dea2109e83eb27a365feca04f7d0cc956c9f41b,1,450000000000000,36620313,162483,5024323,1743183397,0x7a0770ca5b8698e70c57d626e98b79c0458b2f7537a21cae6aa8fd584ccadeb2,NewSale
0x224F1757359e1F78144F5B9aa086152B48DAaD31,83127,0xbc2d6E7c81E7f35473b3594031FCC4c519fD24Ad,1,0x905a167f56935885c1aeb24b10dbab9eb7a6740c,1,249900000000000,37540000,152878,5024330,1743183411,0x97663ecb1709551e681c91332983874207b05f0f22274e0c9d1e95b4fc5670e7,NewSale
0x41f07238C5096Eb7eb68c50FE8AE5AdDECBBF5C2,80694,0xbFCACb23F0B41EeEDFf7d04f52CE8f5125150806,5,0xc1cc4265b952099b8540e30fcbe996b7f59ca367,1,500000000000000,37381813,164783,5024336,1743183423,0x012ff69d4df2ff623f7384998b606cbe02f1dd0380006c434c78e1cb31a02a63,NewSale
0x8AADc9cCA56452F148FcA74393cb4BA2aC8BeBC7,83108,0xbc2d6E7c81E7f35473b3594031FCC4c519fD24Ad,1,0x8eba209e47bd2de79b5aa8e3496ecef9e632b77e,1,200000000000000,36405991,135778,5024339,1743183429,0xe59b09500299ac31ff7be98c381c790840a6ef6f56fd90581b0cb74fa2bf495e,NewSale
0xdD27e2ECFadA27b0b963b0a5744bfeF29EB62143,83134,0xbc2d6E7c81E7f35473b3594031FCC4c519fD24Ad,1,0x905a167f56935885c1aeb24b10dbab9eb7a6740c,1,249900000000000,37370000,135778,5024343,1743183437,0x1411e622109278ee17190ea8cfb64fe40ffd07bde0c714776ec8c3e1daf043cf,NewSale
0x41f07238C5096Eb7eb68c50FE8AE5AdDECBBF5C2,80696,0xbFCACb23F0B41EeEDFf7d04f52CE8f5125150806,3,0xc1cc4265b952099b8540e30fcbe996b7f59ca367,1,500000000000000,37332777,164783,5024352,1743183455,0x72dbd6278aba1e8f8d43edce69ccd0f8b5a1a0d78e2250d73be6451182ada0e8,NewSale
0x91AEB3f394F555ca2ad2FD6E4D15dC2A272aF145,83105,0xbc2d6E7c81E7f35473b3594031FCC4c519fD24Ad,1,0xe16fe3ac4c3082768806bd3338ef77a334388919,1,249900000000000,37242087,135778,5024355,1743183461,0xf7151a030b6b68a881c85da12dafe455ffe029900ec8005c40b08ae4c4d36d4e,NewSale
0x41f07238C5096Eb7eb68c50FE8AE5AdDECBBF5C2,80699,0xbFCACb23F0B41EeEDFf7d04f52CE8f5125150806,0,0xc1cc4265b952099b8540e30fcbe996b7f59ca367,1,500000000000000,37212303,164783,5024366,1743183483,0x0dce4a55b7e99f46ad2f6b7db7e3ee4740776063ab38ea93a28edd1daead5baf,NewSale
0x41f07238C5096Eb7eb68c50FE8AE5AdDECBBF5C2,81877,0xbFCACb23F0B41EeEDFf7d04f52CE8f5125150806,10,0xc1cc4265b952099b8540e30fcbe996b7f59ca367,1,500000000000000,37133285,164783,5024381,1743183513,0x9a33ed5fb952889b22c87e69ae1274e64ef7f3bd051fc0c23c8538ab63cce448,NewSale
0xCBfb13d52Cb7683Fa80bA0f385cE04e0235b6247,83117,0xbc2d6E7c81E7f35473b3594031FCC4c519fD24Ad,1,0xe003e18125004b74f0ec1c2ae6aadcafebd414c6,1,249900000000000,37150000,152866,5024384,1743183519,0xa15bcf3408c95953de756fb13366448931599317f4a4e9465b788cb3dc986794,NewSale
0xC0DEc165A5d6e6766Fbc35c977f89535899D0411,74786,0xbc2d6E7c81E7f35473b3594031FCC4c519fD24Ad,0,0xbef14cfe801fd76c2829db51f81628d213b54270,1,265000000000000,36161786,142189,5024388,1743183527,0x0511dce27cf209e5eb1ae4f286e3a2a5955e049222c225c1e3223c435466082e,NewSale
0x41f07238C5096Eb7eb68c50FE8AE5AdDECBBF5C2,81911,0xbFCACb23F0B41EeEDFf7d04f52CE8f5125150806,6,0xc1cc4265b952099b8540e30fcbe996b7f59ca367,1,500000000000000,37194772,164783,5024396,1743183543,0xa3f32ed86d46c9564a018c1bf873a2b5ccb9982e6d2753846eda5df4e77c8ab2,NewSale
0x80fe121B69163E17bd4e9CC573652e29E48fa4ae,83115,0xbc2d6E7c81E7f35473b3594031FCC4c519fD24Ad,0,0xdd0cee7c2e2949fbe0f4180a346235c336458591,1,20000000000000000000,37180659,165066,5024401,1743183553,0xfb708bc9d193d6d7901b4cb47e2c3349aceada5890f560b8826c63abcfd39a16,NewSale
0xC0DEc165A5d6e6766Fbc35c977f89535899D0411,74786,0xbc2d6E7c81E7f35473b3594031FCC4c519fD24Ad,0,0xbef14cfe801fd76c2829db51f81628d213b54270,1,265000000000000,36067274,142189,5024403,1743183557,0xc9a1efe68971977b5e776ce44b34c228e56610d2087b236ffcb25c0a397e0748,NewSale
0x41f07238C5096Eb7eb68c50FE8AE5AdDECBBF5C2,81881,0xbFCACb23F0B41EeEDFf7d04f52CE8f5125150806,6,0xc1cc4265b952099b8540e30fcbe996b7f59ca367,1,500000000000000,36845954,147683,5024411,1743183573,0x50afff8ead025a656dc07b01b0fa25be25dd9ef3babfd5663e99ab5c824c0e37,NewSale
0xC0DEc165A5d6e6766Fbc35c977f89535899D0411,74786,0xbc2d6E7c81E7f35473b3594031FCC4c519fD24Ad,0,0xbef14cfe801fd76c2829db51f81628d213b54270,1,265000000000000,35908574,142189,5024416,1743183583,0xc8c590df0255dc3d25a477ee8f109359d038b2d730ed153467af931062dda9c5,NewSale
0xC0DEc165A5d6e6766Fbc35c977f89535899D0411,74786,0xbc2d6E7c81E7f35473b3594031FCC4c519fD24Ad,0,0xbef14cfe801fd76c2829db51f81628d213b54270,1,265000000000000,36054439,142189,5024429,1743183609,0xdeee28bea44d4336538eaad89d8d67b16eb10e7d25bb158e46b1366189ee7d6d,NewSale
0x676000c8574B9D026882CddF4C6dfe7707EaBd30,81743,0xbc2d6E7c81E7f35473b3594031FCC4c519fD24Ad,0,0x7c657b4594c0547840c3f790aaccb23db8c07317,1,290000000000000,35630036,140590,5024450,1743183651,0xa0709619e502001223189b119850e87e7456fef7ca98bca2441cf6517eb7dd43,NewSale
0x905a167F56935885c1aEb24B10DBAB9eb7a6740c,83125,0xbc2d6E7c81E7f35473b3594031FCC4c519fD24Ad,0,0x01537d9f7434b5985d553786c944d1d710049334,1,280000000000000,36694070,140578,5024453,1743183657,0xef146411222f1db658b0f54190cc3b3dd87f66a15efa6b0bc06b5ab1d5ea5917,NewSale
0xC0DEc165A5d6e6766Fbc35c977f89535899D0411,74786,0xbc2d6E7c81E7f35473b3594031FCC4c519fD24Ad,0,0xbef14cfe801fd76c2829db51f81628d213b54270,1,265000000000000,35701585,142189,5024459,1743183669,0x60b00fa910bdf5e698622f7086a42375a79b456bdf68d97b4e8f8e3a123ccbef,NewSale
0xC0DEc165A5d6e6766Fbc35c977f89535899D0411,74786,0xbc2d6E7c81E7f35473b3594031FCC4c519fD24Ad,0,0xbef14cfe801fd76c2829db51f81628d213b54270,1,265000000000000,35856271,142189,5024472,1743183695,0x0561b1df79a0f6b4f6769b10aff260c5b56af670331e1b4fbb46acce698b6fdc,NewSale
0xC0DEc165A5d6e6766Fbc35c977f89535899D0411,74786,0xbc2d6E7c81E7f35473b3594031FCC4c519fD24Ad,0,0xbef14cfe801fd76c2829db51f81628d213b54270,1,265000000000000,35707438,142189,5024495,1743183741,0x432bdc0f0031a21b20a9fb6f0489abb60f3e15a98c1b7beab13937f802e80e98,NewSale
0xb6c8A1e8E481c5C17951D7Cbe52250dbb5bf15fd,83144,0xbc2d6E7c81E7f35473b3594031FCC4c519fD24Ad,1,0xa68ec740166821ad35bc272bfa1cd38615ff4fd6,1,249900000000000,35707438,152878,5024495,1743183741,0x1d59b3fd830c5cf8cf537ace1be79ac28811f57d47dee7d9f9eb6c48453cd22c,NewSale
0xC0DEc165A5d6e6766Fbc35c977f89535899D0411,77663,0xbc2d6E7c81E7f35473b3594031FCC4c519fD24Ad,0,0xa68ec740166821ad35bc272bfa1cd38615ff4fd6,1,249999950000000,35641409,142201,5024505,1743183761,0x1eaa1c564fb4219567b39a1a8f6424770ac630495f9599b878252e42ef8f5bd2,NewSale
0x80fe121B69163E17bd4e9CC573652e29E48fa4ae,83115,0xbc2d6E7c81E7f35473b3594031FCC4c519fD24Ad,0,0xf01122cef4942aa22812dc4e92c74a3e6d9a1cab,1,20000000000000000000,35641409,177366,5024505,1743183761,0xb6d96120b4759539bd262a9c8f217c142df18a3db87f0b408882dcde6eb490f3,NewSale
0xFCe8BB866c46EF053c14eC6CAe2c8922cec217Ed,80606,0x2Bf46D4497e98FbA2304B0d2453922FFf559Ea02,16,0x3dea2109e83eb27a365feca04f7d0cc956c9f41b,1,20000000000000000000,35580882,199880,5024509,1743183769,0x8573e2e2d5087c6dc0d13a71c1925ade3e42201a4003f5846118b361c5e8ae30,NewSale
0xC0DEc165A5d6e6766Fbc35c977f89535899D0411,74786,0xbc2d6E7c81E7f35473b3594031FCC4c519fD24Ad,0,0xbef14cfe801fd76c2829db51f81628d213b54270,1,265000000000000,35511780,142189,5024510,1743183771,0xe8d1172ba79c1e13eb995d2d1dd0ad55706da2556a29e6248d5860d86f488409,NewSale
0xC0DEc165A5d6e6766Fbc35c977f89535899D0411,74786,0xbc2d6E7c81E7f35473b3594031FCC4c519fD24Ad,0,0xbef14cfe801fd76c2829db51f81628d213b54270,1,265000000000000,35753847,142189,5024524,1743183799,0x182ef0cc3a5e1963316ef8898c52716473f7e427e6fac664f1f2ce61ab088f1c,NewSale
0xC0DEc165A5d6e6766Fbc35c977f89535899D0411,74893,0xbc2d6E7c81E7f35473b3594031FCC4c519fD24Ad,0,0xa68ec740166821ad35bc272bfa1cd38615ff4fd6,1,249999990000000,35903459,142201,5024532,1743183815,0x87ac92ca2cee6f3735801e2f68fb2c321dcf154fdf1dedac819d1f540637be35,NewSale
0xC0DEc165A5d6e6766Fbc35c977f89535899D0411,74786,0xbc2d6E7c81E7f35473b3594031FCC4c519fD24Ad,0,0xbef14cfe801fd76c2829db51f81628d213b54270,1,265000000000000,35758780,142189,5024538,1743183827,0x1b9f4bb4bd6fc30c275c15c23c43f5f83ae0145deb8d61825c744c04c364c370,NewSale
0x737295EB79806ff69Ae5DD67e8D04050C42f25D4,82800,0xbc2d6E7c81E7f35473b3594031FCC4c519fD24Ad,0,0xa68ec740166821ad35bc272bfa1cd38615ff4fd6,1,250000000000000,35768513,140578,5024545,1743183841,0xbe8887d3af85fc6eabb96b299f634de6a93125fdb6f87fb15301081d26827f99,NewSale
0x973B964Df0b48C47D8E11F71dC04e393fE9be3c1,83131,0xbc2d6E7c81E7f35473b3594031FCC4c519fD24Ad,0,0x01537d9f7434b5985d553786c944d1d710049334,1,300000000000000,36721351,140590,5024550,1743183851,0x883441793f8c92a32cc03eea622d9d0746ca6a2130740da09e688c96f08b1638,NewSale
0x905a167F56935885c1aEb24B10DBAB9eb7a6740c,83143,0xbc2d6E7c81E7f35473b3594031FCC4c519fD24Ad,1,0xdd0cee7c2e2949fbe0f4180a346235c336458591,1,280000000000000,36726114,157678,5024584,1743183919,0x0663c473ae00c0c068f4a5a081eba8c4c5d11a46ded96b88d2bf7f49ad7092c9,NewSale
0x0Cd5e7c7FC12C9fCD2673Cf0f7e168E661060A50,83139,0xbc2d6E7c81E7f35473b3594031FCC4c519fD24Ad,0,0xe616b05b81c3541a0d056669a9a9dcb7109c2cc1,1,220000000000000,36710060,582815,5024587,1743183925,0x5674c2cbee14a6869ee0e2379ea6c32d1962d4df7d35c8bc417c2945a9098be8,NewSale
0x973B964Df0b48C47D8E11F71dC04e393fE9be3c1,83130,0xbc2d6E7c81E7f35473b3594031FCC4c519fD24Ad,0,0x01537d9f7434b5985d553786c944d1d710049334,1,300000000000000,37242257,140590,5024628,1743184007,0x8c23d2c60e2c0db772b9a5bda3b4cc3f4c9c7df5afdd0c58bcbf2463bd812fe3,NewSale
0x74B0d6c19716a605693CAbfb034b49AD0e818dFe,82008,0x02e21A25F0038fa5BDEe9c0b77aC0c1E84d3d6f0,2263,0x5d5d2944df030e06de3c3a1319d55666d823760e,1,900000,37157765,188217,5024631,1743184013,0x118a4f13d929331a752c628a5298169b0f8d484bc178b5c6ab07691988b5ac65,NewSale
0x0Cd5e7c7FC12C9fCD2673Cf0f7e168E661060A50,83151,0xbc2d6E7c81E7f35473b3594031FCC4c519fD24Ad,1,0xe616b05b81c3541a0d056669a9a9dcb7109c2cc1,1,220000000000000,37182412,275159,5024633,1743184017,0x3538d7ddfb295f946279de1fd4dd8a544270525ca6b6a88a913e2d4b3a615049,NewSale
0x6A7F64e9Ee3260fFe3c6C17AFf488F920a95538c,83137,0xbc2d6E7c81E7f35473b3594031FCC4c519fD24Ad,1,0x690410b17ed658dbbe13b33803518ac719797bb6,1,249900000000000,37410000,152878,5024653,1743184057,0x0ee400349917d5d4357af3b8f151bc08d125afaeaff2e1ae8feb81febb9fd6e9,NewSale
0x8D6C4Fcdfc8210609e2205350Ab7Af3278a33df8,83044,0xdc0F91C5a4D200FfC21658901c77c0fE1A14d199,0,0x610947c46170183f64db62d99e4ab88d022246ae,1,1750000,37400000,203204,5024657,1743184065,0x1626d4656ceb4a88364d0009065ef35da320513e6ffd0c48eba44fb36c410336,NewSale
