listing_creator,listing_id,asset_contract,token_id,buyer,quantity_bought,total_price_paid,gas_price,gas_used,block_number,timestamp,transaction_hash,event_type
0xd3A8a80267Cd70a45def5054D0c10EbE87F3A1a0,75222,0xbc2d6E7c81E7f35473b3594031FCC4c519fD24Ad,0,0x09e53f121c0d1bdbe51818b6a2fcf0f7df276dd3,1,230000000000000,74301955,140578,4933689,1743002129,0x2da86e68628df3008554f59acea3a3931f550a8cba57d3d5f585396afa0b09aa,NewSale
0x2065b7a05102C48A44CB985a1E1f466ac9cEE08C,75223,0xbc2d6E7c81E7f35473b3594031FCC4c519fD24Ad,0,0x4549b09a055a70cb191d4732fef36a11cf12e472,1,275000000000000,72691135,140578,4933743,1743002237,0x75ae14a77a18d77ecfdd8a387cb592a63eeac270ec1b01b4612eaee8f7b6207e,NewSale
0xeF0Ef28b882d166B732d00A01Ea762B9CCd3FE44,75129,0xbc2d6E7c81E7f35473b3594031FCC4c519fD24Ad,1,0x4cc2f8d9a9574fd8c41298f10ae8160c559ac7c1,1,245000000000000,72388802,159289,4933754,1743002259,0x3499b7fca7ff5280473fb646c59a854a9623498a4e397d53ae4d1d8015e155d2,NewSale
0x2065b7a05102C48A44CB985a1E1f466ac9cEE08C,75211,0xbc2d6E7c81E7f35473b3594031FCC4c519fD24Ad,0,0x35b56c12dfd6a1b025329a83213c1b1500f7f990,1,275000000000000,72621725,157666,4933761,1743002273,0x1f4159f74ea3d00cf41c6e0560ee72912c0016936b0e91091736867e4056c602,NewSale
0x2065b7a05102C48A44CB985a1E1f466ac9cEE08C,75226,0xbc2d6E7c81E7f35473b3594031FCC4c519fD24Ad,0,0x6b8f0b1e93a94a0e178d06ac69471187707dff11,1,300000000000000,72741504,157690,4933808,1743002367,0x86645abbe4b072ca79cef752cf4158c476f28be2202db2a1928057a0403cc6f3,NewSale
0xd3A8a80267Cd70a45def5054D0c10EbE87F3A1a0,75227,0xbc2d6E7c81E7f35473b3594031FCC4c519fD24Ad,0,0x09e53f121c0d1bdbe51818b6a2fcf0f7df276dd3,1,230000000000000,72541888,135778,4933816,1743002383,0x60fdc2199a0d261dfda139dd19bd823b5af8a6e619f56309048192c3f82f5e07,NewSale
0x2065b7a05102C48A44CB985a1E1f466ac9cEE08C,75224,0xbc2d6E7c81E7f35473b3594031FCC4c519fD24Ad,0,0x6b8f0b1e93a94a0e178d06ac69471187707dff11,1,275000000000000,72048237,140578,4933877,1743002505,0x0dfc910b7111551f18c52f50c834a0b8df64dde39431c75ffbbbdd181e9e9203,NewSale
0x8fB64389D3eac9FCC77E1AFBF57FcBf2df8723dd,75090,0xDfC21bE7cC791a5f03A95E836D385bBC6d7dF384,1328,0x4e5eceb61e64a94bc9e72751a05feaf6308387f3,1,390000000000000,71708711,155258,4933901,1743002553,0x8bd8bf541d7fda1d3b154b374c8e0dff02702d09f3d3973a13346ec6667db876,NewSale
0x6090dE7dF2408cca439E0E373b7b71725e9A9043,75242,0xbc2d6E7c81E7f35473b3594031FCC4c519fD24Ad,0,0x4549b09a055a70cb191d4732fef36a11cf12e472,1,239000000000000,71435913,140578,4933914,1743002579,0x9bce03cdf0297af7b184e273a8da7bb88df3b0b90db172cfe79c4cda946e0ec3,NewSale
0xA4f3CFB3F4605eB31f07a7D20B26863Ff5937667,75159,0xbc2d6E7c81E7f35473b3594031FCC4c519fD24Ad,0,0xd6645abf92e8ddf90160883051527e36355821b0,1,240000000000000,70644303,157666,4933931,1743002613,0x794aba9d9e7f17085d06ecb20dee65fb02989a0665abe7c64c22c892e1b77cd4,NewSale
0x4cfc2735027379e29443c1E0b8870f2B862F9430,75009,0xdc0F91C5a4D200FfC21658901c77c0fE1A14d199,0,0xb57b0713b72cb43a089dce420db9aafaaa91be8d,1,600000000000000,70900000,145383,4933949,1743002649,0x1c39dcd9da26fe94a66228c27218219263e0acacc570fcc0cea881676f171ee8,NewSale
0x6090dE7dF2408cca439E0E373b7b71725e9A9043,75239,0xbc2d6E7c81E7f35473b3594031FCC4c519fD24Ad,0,0x4e027119a52bf086c8b4b85d14a276d3bc12b3c1,1,239000000000000,74853042,157678,4933974,1743002699,0xd248b8f1c6d73c9393cb546ecb047d48e52623371ae7b2b1d2ec207426c5606a,NewSale
0x0E50aC716f64aB2b97610dbea33eA9CaD6280814,75187,0xDfC21bE7cC791a5f03A95E836D385bBC6d7dF384,1311,0x4e5eceb61e64a94bc9e72751a05feaf6308387f3,1,380000000000000,69474036,133358,4933999,1743002749,0xb361c5cc6716fc3a09e7dc278619b00302cfbca87b580ba39d82d71435ff012d,NewSale
0x6090dE7dF2408cca439E0E373b7b71725e9A9043,75245,0xbc2d6E7c81E7f35473b3594031FCC4c519fD24Ad,0,0x7955760032bd275ad62ee0ab805b68822bf539ba,1,239000000000000,70217868,157666,4934005,1743002761,0x321e40f821963364c2ce9354e4701ad9f75869336242edfe9be859e65efb28f8,NewSale
0xeF0Ef28b882d166B732d00A01Ea762B9CCd3FE44,75129,0xbc2d6E7c81E7f35473b3594031FCC4c519fD24Ad,1,0x4a7cc8adb43c669de2ecae7317be7f19b9abda55,1,245000000000000,69990000,159289,4934018,1743002787,0xc039a0b092578106a9978e7ab56eed890c0dde3aaa64048b7b849f958d6ca6a5,NewSale
0x956a8Abc4E11881f6Cc537D7B6ED8276a03b4003,75171,0xbc2d6E7c81E7f35473b3594031FCC4c519fD24Ad,0,0x7955760032bd275ad62ee0ab805b68822bf539ba,1,240000000000000,137999225,135754,4934025,1743002801,0xdef2ff059a7781299e5380d1ce4045b673947736d54b9ff4bc57fe69340c8704,NewSale
0x6090dE7dF2408cca439E0E373b7b71725e9A9043,75246,0xbc2d6E7c81E7f35473b3594031FCC4c519fD24Ad,0,0x7955760032bd275ad62ee0ab805b68822bf539ba,1,239000000000000,138017149,135766,4934043,1743002837,0x016b7287ee4758c10175ce117427bcd5d8896d39bd2cb35e69c7f0a1ea34c1fa,NewSale
0x37C9a72f7699dF5270a8C409411391F2df0EcC94,74817,0x02e21A25F0038fa5BDEe9c0b77aC0c1E84d3d6f0,1885,0x9ebe547ee00899aca5ab99f05182f2d5b7f37827,1,400000000000000,69838737,155246,4934068,1743002887,0xf13b695dede64798f41157a8b2b32e92c3775ba2444d4a6ab2cc1696f50c487f,NewSale
0xA4f3CFB3F4605eB31f07a7D20B26863Ff5937667,75172,0xbc2d6E7c81E7f35473b3594031FCC4c519fD24Ad,0,0x7955760032bd275ad62ee0ab805b68822bf539ba,1,240000000000000,138318729,140554,4934084,1743002919,0xa549bf94c7f38775ae1dcf3092e17fb2d07c191a197c3e5f6183603b8fc10e77,NewSale
0x59326d6B101A2FA9fD6D45372D5344C36853d444,75120,0xdc0F91C5a4D200FfC21658901c77c0fE1A14d199,0,0xe1100c75f545c234df4d5cb559743f0232623cc6,1,600000000000000,70247029,150183,4934100,1743002951,0xf5896f21e736add1045865630b73a36ba1d646cad807564015a469b38fe4a8e8,NewSale
0x59326d6B101A2FA9fD6D45372D5344C36853d444,75127,0xdc0F91C5a4D200FfC21658901c77c0fE1A14d199,0,0x66277b810f99760c3ea14cca808a5f5beb914bf5,1,600000000000000,70230430,150183,4934111,1743002973,0x8607e928d25039c6c7358031efc4c50c00a4765000a3f7e6491bf228bb7729e5,NewSale
0xeF0Ef28b882d166B732d00A01Ea762B9CCd3FE44,75129,0xbc2d6E7c81E7f35473b3594031FCC4c519fD24Ad,1,0x4cc2f8d9a9574fd8c41298f10ae8160c559ac7c1,1,245000000000000,71375000,142189,4934164,1743003079,0x79e889bac4c01b1d064b122484bfc3ced5bad5ad61db2587e7ea4e81e3bde3d6,NewSale
0xA4f3CFB3F4605eB31f07a7D20B26863Ff5937667,75163,0xbc2d6E7c81E7f35473b3594031FCC4c519fD24Ad,0,0x9ebe547ee00899aca5ab99f05182f2d5b7f37827,1,250000000000000,71255556,140578,4934166,1743003083,0x8392f9ea067c1b6fe78df58b6dface9b96c8db9ae32b6f7e78be4e3cded1be8d,NewSale
0x2065b7a05102C48A44CB985a1E1f466ac9cEE08C,75137,0xbc2d6E7c81E7f35473b3594031FCC4c519fD24Ad,0,0x9ebe547ee00899aca5ab99f05182f2d5b7f37827,1,275000000000000,71284156,140578,4934184,1743003119,0x5553b80ab5f53a2af25bb2e7ae36c30fb0cf471bc68de55a42cbb28927c5a1dd,NewSale
0xeF0Ef28b882d166B732d00A01Ea762B9CCd3FE44,75129,0xbc2d6E7c81E7f35473b3594031FCC4c519fD24Ad,1,0x26d5091bf8353f4553dff080d6687d434dfb6408,1,245000000000000,71460000,159289,4934192,1743003135,0xaab68165d1e99780b89aad00b93610f588a22a564c4350d4225fd3ac53cfe032,NewSale
0xC0DEc165A5d6e6766Fbc35c977f89535899D0411,74893,0xbc2d6E7c81E7f35473b3594031FCC4c519fD24Ad,0,0x9ebe547ee00899aca5ab99f05182f2d5b7f37827,1,249999990000000,71320119,142201,4934209,1743003169,0x2c3f7b80d9f4a207b2e1bba1e279407e24ff33ae185932e0ac320956ee578f77,NewSale
0xeF0Ef28b882d166B732d00A01Ea762B9CCd3FE44,75129,0xbc2d6E7c81E7f35473b3594031FCC4c519fD24Ad,1,0x26d5091bf8353f4553dff080d6687d434dfb6408,1,245000000000000,71450000,142189,4934222,1743003195,0x11a37ec27907783f63f7f73fe095c2a3315d1f874e7163f3f756955db559ba9c,NewSale
0xC0DEc165A5d6e6766Fbc35c977f89535899D0411,74893,0xbc2d6E7c81E7f35473b3594031FCC4c519fD24Ad,0,0x4cc2f8d9a9574fd8c41298f10ae8160c559ac7c1,1,249999990000000,71611575,142201,4934241,1743003233,0xd34d03ecd4002f2d56df2b7ab749c1f92e59dad5a8586ec833d0a4c5e0ce4e92,NewSale
0x7955760032bd275ad62Ee0AB805b68822bF539BA,75272,0xbc2d6E7c81E7f35473b3594031FCC4c519fD24Ad,0,0xc97f8c5f7daeeb6d422c6f77c105fec2dee9633b,1,239900000000000,70514519,140578,4934243,1743003237,0x7e406021f8865839f5b60856beac1cac86fed89f6f74ff6e316d9986782ac5d1,NewSale
0xC0DEc165A5d6e6766Fbc35c977f89535899D0411,74893,0xbc2d6E7c81E7f35473b3594031FCC4c519fD24Ad,0,0x9ebe547ee00899aca5ab99f05182f2d5b7f37827,1,249999990000000,71752602,142201,4934247,1743003245,0x157545a1c133faac3a807c3e25007e1e509f3cec5b91a7a3eed46bd73e8e81ea,NewSale
0xA4f3CFB3F4605eB31f07a7D20B26863Ff5937667,75196,0xbc2d6E7c81E7f35473b3594031FCC4c519fD24Ad,0,0x9ebe547ee00899aca5ab99f05182f2d5b7f37827,1,240000000000000,72240428,140566,4934287,1743003325,0x73c793d9c6f9abe9944159a3fbd5162fb7d42899a3bb030acf4ad15c48282ef1,NewSale
0xeF0Ef28b882d166B732d00A01Ea762B9CCd3FE44,75129,0xbc2d6E7c81E7f35473b3594031FCC4c519fD24Ad,1,0xc97f8c5f7daeeb6d422c6f77c105fec2dee9633b,1,245000000000000,71048144,142189,4934304,1743003359,0xa3f48d7716f4a2ff807f71177f28d2e1740bb78bb792a75ed5e2661a8a38b6f6,NewSale
0x7955760032bd275ad62Ee0AB805b68822bF539BA,75278,0xbc2d6E7c81E7f35473b3594031FCC4c519fD24Ad,0,0x9ebe547ee00899aca5ab99f05182f2d5b7f37827,1,239000000000000,72106756,140578,4934309,1743003369,0x957a3c097adf0e4e483d28970e5885828d98ebff7918b8618e673bc3d4410196,NewSale
0xeF0Ef28b882d166B732d00A01Ea762B9CCd3FE44,75129,0xbc2d6E7c81E7f35473b3594031FCC4c519fD24Ad,1,0xc97f8c5f7daeeb6d422c6f77c105fec2dee9633b,1,245000000000000,71433571,142189,4934316,1743003383,0x84e48fdd410fda9f336acee371b6aff43cded65bc3dc6764b4d861abdcb15b60,NewSale
0x7955760032bd275ad62Ee0AB805b68822bF539BA,75279,0xbc2d6E7c81E7f35473b3594031FCC4c519fD24Ad,0,0x9ebe547ee00899aca5ab99f05182f2d5b7f37827,1,239000000000000,72492971,140578,4934337,1743003425,0xc5a7481cd9c3ff840088c24ad1e51a7b49cad2ee35977cbd4b5474f9466c5dc5,NewSale
0x37C9a72f7699dF5270a8C409411391F2df0EcC94,74806,0x02e21A25F0038fa5BDEe9c0b77aC0c1E84d3d6f0,1890,0xb57b0713b72cb43a089dce420db9aafaaa91be8d,1,400000000000000,72590000,155246,4934344,1743003439,0x783adc3f2e6aae8cd0c0ab1d1f5e6a4dec5321b5d8a5512ca90d8f925e37619c,NewSale
0xC0DEc165A5d6e6766Fbc35c977f89535899D0411,74893,0xbc2d6E7c81E7f35473b3594031FCC4c519fD24Ad,0,0xc97f8c5f7daeeb6d422c6f77c105fec2dee9633b,1,249999990000000,72197106,142201,4934353,1743003457,0x733a6b0a6bc1d5531434f17aace155bccb13f9b4d2bc1ceb239c18f257e0745a,NewSale
0xC0DEc165A5d6e6766Fbc35c977f89535899D0411,74893,0xbc2d6E7c81E7f35473b3594031FCC4c519fD24Ad,0,0xc97f8c5f7daeeb6d422c6f77c105fec2dee9633b,1,249999990000000,72023978,142201,4934366,1743003483,0xdba4197d78571f0d0d9770a2dc979b33de2698b1cb0fa20190f630404d24ea06,NewSale
0xeF0Ef28b882d166B732d00A01Ea762B9CCd3FE44,75129,0xbc2d6E7c81E7f35473b3594031FCC4c519fD24Ad,1,0x90a343498063661f425ff26baf25ca4f2f64521c,1,245000000000000,72310000,157678,4934368,1743003487,0x328a7bfe5248e71d392599779c77c65607489a93b47a09f64ad0673039eb67a1,NewSale
0x37C9a72f7699dF5270a8C409411391F2df0EcC94,74824,0x02e21A25F0038fa5BDEe9c0b77aC0c1E84d3d6f0,1883,0xb57b0713b72cb43a089dce420db9aafaaa91be8d,1,400000000000000,72160000,138146,4934372,1743003495,0x3ba4a1e366dd9143a6a314b2b1ff6452bfcd0151c09c036224f8c70a6b46fb58,NewSale
0x2065b7a05102C48A44CB985a1E1f466ac9cEE08C,75161,0xbc2d6E7c81E7f35473b3594031FCC4c519fD24Ad,0,0x32245e7e21c7aafebb67a331f3e0a3d32b64d36c,1,275000000000000,71927566,140578,4934380,1743003511,0x91d22e939d52dfa3ac48cd1b6ceaabf20df617735871a0c929c6be6129a9946f,NewSale
0xC0DEc165A5d6e6766Fbc35c977f89535899D0411,74893,0xbc2d6E7c81E7f35473b3594031FCC4c519fD24Ad,0,0xc97f8c5f7daeeb6d422c6f77c105fec2dee9633b,1,249999990000000,70699174,142201,4934382,1743003515,0xf1ca83b3ed28bc44bde98c76e04d963a520386dba4f3d8f4bd743a43cc575a25,NewSale
0xA4f3CFB3F4605eB31f07a7D20B26863Ff5937667,75155,0xbc2d6E7c81E7f35473b3594031FCC4c519fD24Ad,0,0x4faa867dfa3bad150cc2c3511b43cead0ad7949a,1,249000000000000,70726084,140578,4934386,1743003523,0x31509e6b29726abd9cdcbc958646862f842747c09aef02cbce7b623866fed88f,NewSale
0x0cE2b53D20E5fa8047c0346930E8e93AF656B07C,75225,0xbc2d6E7c81E7f35473b3594031FCC4c519fD24Ad,0,0xad89c57d5b1409d265957863e0b156cf0e908945,1,250000000000000,71713927,135778,4934391,1743003533,0xbf45fda8264bcc8e24e662abe251207c78a4cd798ae4929da4956fd7985fb536,NewSale
0xA8F02C6B221d01F8a6d8adBC88A5F85b8569CD8E,74976,0x02e21A25F0038fa5BDEe9c0b77aC0c1E84d3d6f0,1714,0xb57b0713b72cb43a089dce420db9aafaaa91be8d,1,400000000000000,71630000,138146,4934398,1743003547,0xcf7d063273c11872f84ef3681690c5bef65bc211de09bd79cc1c164fec0ffb06,NewSale
0xC0DEc165A5d6e6766Fbc35c977f89535899D0411,74893,0xbc2d6E7c81E7f35473b3594031FCC4c519fD24Ad,0,0xc97f8c5f7daeeb6d422c6f77c105fec2dee9633b,1,249999990000000,70499249,142201,4934408,1743003567,0xc7b2f285c7c7b7c9c46c72a38202efdb58c561a13d9c5acdc5920d7f7df72c6f,NewSale
0x66277b810F99760C3Ea14CcA808a5F5BeB914bF5,75274,0xdc0F91C5a4D200FfC21658901c77c0fE1A14d199,0,0xfda23d6358a2e2a40bbf35489b9cacecca0e18f9,1,490000000000000,71449432,150183,4934410,1743003571,0x63698111de50d56f43e4b17ea03cd46d13b440c526e15374c192ed43273f1baa,NewSale
0xF18A958adc6e7675027CfE55770683aa9176f42A,75116,0xbc2d6E7c81E7f35473b3594031FCC4c519fD24Ad,0,0x4d408fcffe3ec00b41d4131007943d295df43aa2,1,250000000000000,71348197,140578,4934417,1743003585,0x8b234ef3a61ca28c1eced39313cee7bcce7a951f507ec462fdaa65847805dd75,NewSale
0xC0DEc165A5d6e6766Fbc35c977f89535899D0411,74893,0xbc2d6E7c81E7f35473b3594031FCC4c519fD24Ad,0,0xc97f8c5f7daeeb6d422c6f77c105fec2dee9633b,1,249999990000000,70101269,142201,4934421,1743003593,0xd4c8c78773c2fd049f42f372b19e63adbb819146a4c701da5c6b12339a588b61,NewSale
0xC0DEc165A5d6e6766Fbc35c977f89535899D0411,74893,0xbc2d6E7c81E7f35473b3594031FCC4c519fD24Ad,0,0xc97f8c5f7daeeb6d422c6f77c105fec2dee9633b,1,249999990000000,69525604,142201,4934434,1743003619,0x498a46097157b68748be7e0509825d5ae4c6818b0c6eb6c207a64aa1338a278c,NewSale
0xC0DEc165A5d6e6766Fbc35c977f89535899D0411,74893,0xbc2d6E7c81E7f35473b3594031FCC4c519fD24Ad,0,0x4cc2f8d9a9574fd8c41298f10ae8160c559ac7c1,1,249999990000000,70068725,142201,4934446,1743003643,0x31e5661b2d661137c16045f1362d3ceb2c10c026d13b80df904f78d40f19d733,NewSale
0xA4f3CFB3F4605eB31f07a7D20B26863Ff5937667,75151,0xbc2d6E7c81E7f35473b3594031FCC4c519fD24Ad,0,0x4faa867dfa3bad150cc2c3511b43cead0ad7949a,1,250000000000000,68968825,135778,4934446,1743003643,0x565feb9d5d242eb9280bf0a1a02c0d7ed1732eacb726d6b19814dec2b020e9de,NewSale
0xF18A958adc6e7675027CfE55770683aa9176f42A,75124,0xbc2d6E7c81E7f35473b3594031FCC4c519fD24Ad,0,0x4d408fcffe3ec00b41d4131007943d295df43aa2,1,250000000000000,69893536,135778,4934456,1743003663,0x7a09fa12646fdca55c27d19ee3d7ad2865617af76172b9350f3216fe01f24ff9,NewSale
0x7955760032bd275ad62Ee0AB805b68822bF539BA,75281,0xbc2d6E7c81E7f35473b3594031FCC4c519fD24Ad,0,0xf4c739c80573db1228f35abe2682fc9e2be55d66,1,239000000000000,69906729,135778,4934458,1743003667,0xe8fb2bb07fcb4c93dd58995f16eaeb03fd6102f14e14a4e1e815dfc20a01754e,NewSale
0x446dED6b680Fb337E9A4d9cAf3A21E89A7457981,75275,0xdc0F91C5a4D200FfC21658901c77c0fE1A14d199,0,0x830a6393d714670f53df3e5ba14ca5f92978bbdb,1,650000000000000,69591217,150183,4934469,1743003689,0x2cf364dc1186c1ddc946bbc1927694634bf61ef5fac306e550aa152572e31633,NewSale
0xb9EF6244c55087b03C042Fa643Abf0df9BFCe95E,75192,0xbc2d6E7c81E7f35473b3594031FCC4c519fD24Ad,0,0x4d408fcffe3ec00b41d4131007943d295df43aa2,1,250000000000000,69644107,140578,4934483,1743003717,0x4b905ea2c03971404b546ccf84cdd024b582a3071ffd41a3eac2ee2b37635a69,NewSale
0xC0DEc165A5d6e6766Fbc35c977f89535899D0411,74893,0xbc2d6E7c81E7f35473b3594031FCC4c519fD24Ad,0,0xc97f8c5f7daeeb6d422c6f77c105fec2dee9633b,1,249999990000000,69529539,142201,4934493,1743003737,0xe02f162dfa57ed80f7ace6ca66f392e20676d9bba35df36d69720a16bd2c81f8,NewSale
0x446dED6b680Fb337E9A4d9cAf3A21E89A7457981,75269,0xdc0F91C5a4D200FfC21658901c77c0fE1A14d199,0,0xf4c739c80573db1228f35abe2682fc9e2be55d66,1,650000000000000,69681057,150183,4934495,1743003741,0x0b1c0ed7d66d69037a6563c98e8020e6dbec8d356b3a50cf6e442d4efe3e997b,NewSale
0xC0DEc165A5d6e6766Fbc35c977f89535899D0411,74777,0xbc2d6E7c81E7f35473b3594031FCC4c519fD24Ad,0,0x4d408fcffe3ec00b41d4131007943d295df43aa2,1,259999990000000,69587358,142201,4934503,1743003757,0x4480ac2a266d105e8fd2025d133f0f30cfd681e1327d7526c932a7ab7fd36afd,NewSale
0x4549B09a055A70CB191D4732fEf36a11Cf12E472,75265,0xbc2d6E7c81E7f35473b3594031FCC4c519fD24Ad,0,0xf4c739c80573db1228f35abe2682fc9e2be55d66,1,300000000000000,69966746,140590,4934518,1743003787,0xa950c51cd6828a79fdf72b749cb4132e4dbeec14cd30dd91435151e8cd648c7f,NewSale
0x8cdC65BA206Fc77B993954B2e24Ce486E5eF1FdF,75141,0xbc2d6E7c81E7f35473b3594031FCC4c519fD24Ad,0,0x4d408fcffe3ec00b41d4131007943d295df43aa2,1,250000000000000,70152090,140578,4934524,1743003799,0xe1d9f60da87672f36dcb36e932de5239a174df02321929a5b62ebb8f9808fdb1,NewSale
0x8A50dEB4AA603BdbDeA9c99e204518cA23b71D2a,75254,0xdc0F91C5a4D200FfC21658901c77c0fE1A14d199,0,0x1eaee58b4c285b616f87dc0efed32b61e515b156,1,610000000000000,68928312,150183,4934525,1743003801,0x9a6c03180ae806117c2ba2baeb0dbae0767ec0570a8262b1c85f7a8852a38c7b,NewSale
0xC0DEc165A5d6e6766Fbc35c977f89535899D0411,74777,0xbc2d6E7c81E7f35473b3594031FCC4c519fD24Ad,0,0x4d408fcffe3ec00b41d4131007943d295df43aa2,1,259999990000000,70708407,142201,4934544,1743003839,0x856c9d3de09fc08db2708ad2465850b8a8c11acd613f001820fde95a4926ad2f,NewSale
0x64f7C019021aC74A68D90D08491Ca43b2a632E71,74642,0xbc2d6E7c81E7f35473b3594031FCC4c519fD24Ad,1,0x8a3f938b28a375f57b9ee8c1613d86141db46a09,1,15200000000000000000,71131894,178454,4934561,1743003873,0xa71d70baa60de5c318d76c60de1344cbdc1d369498b85e11253fb52554b3bc12,NewSale
0xC0DEc165A5d6e6766Fbc35c977f89535899D0411,74893,0xbc2d6E7c81E7f35473b3594031FCC4c519fD24Ad,0,0x4d408fcffe3ec00b41d4131007943d295df43aa2,1,249999990000000,71321844,142201,4934567,1743003885,0xbbc38ec09a19bd441454349b675a700510a04e0b33659883e08a9eee14810c26,NewSale
0xc97f8C5F7dAeeB6d422C6f77c105Fec2deE9633b,75285,0xbc2d6E7c81E7f35473b3594031FCC4c519fD24Ad,1,0x723a842c4729e9bb717a38f1335c5712f39f8908,1,200000000000000,71217487,157678,4934569,1743003889,0x1cc33cf6b8885630f0c360a8f1c3d3e421af52a0328e382b6633154b7d693004,NewSale
0xc97f8C5F7dAeeB6d422C6f77c105Fec2deE9633b,75286,0xbc2d6E7c81E7f35473b3594031FCC4c519fD24Ad,1,0x723a842c4729e9bb717a38f1335c5712f39f8908,1,200000000000000,71637719,140578,4934586,1743003923,0x1b885b3e62b3f0242095487b30a20ca37e5c0ca86fb6ac726f7020babbbc2328,NewSale
0x4549B09a055A70CB191D4732fEf36a11Cf12E472,75261,0xbc2d6E7c81E7f35473b3594031FCC4c519fD24Ad,0,0x2d12523cfd543aceeb0215b0887477dae7abe271,1,300000000000000,71546285,140590,4934589,1743003929,0xd9e18690ab7241df26f27a5a871b9b21ef60ec0568b92b7537d8735d652161ae,NewSale
0xC0DEc165A5d6e6766Fbc35c977f89535899D0411,74893,0xbc2d6E7c81E7f35473b3594031FCC4c519fD24Ad,0,0x4d408fcffe3ec00b41d4131007943d295df43aa2,1,249999990000000,71875579,142201,4934597,1743003945,0x140c6bd30f9cd008dd818fa01fae5879a080236be6bfe86b6bb9da153e992a31,NewSale
0xc97f8C5F7dAeeB6d422C6f77c105Fec2deE9633b,75292,0xbc2d6E7c81E7f35473b3594031FCC4c519fD24Ad,0,0x4d408fcffe3ec00b41d4131007943d295df43aa2,1,200000000000000,71735075,140578,4934619,1743003989,0x0da86a0df6cdc728efb5497be82425f35a8b9063022c00825fd82929d70352b3,NewSale
0x26D5091bf8353f4553dfF080d6687d434dfB6408,75280,0xbc2d6E7c81E7f35473b3594031FCC4c519fD24Ad,1,0x830a6393d714670f53df3e5ba14ca5f92978bbdb,1,500000000000000,71092776,159301,4934632,1743004015,0x923758f557ffc67442ca568b5f2dc777a562b3ebde44cee4f67e2277700d4e46,NewSale
0xbAa9672503be4067CCc6eBB08BEe52af3e0b3b4C,74033,0x2Bf46D4497e98FbA2304B0d2453922FFf559Ea02,88,0xb18e3cf475be992c870b93622b8d1ff77cfb98b7,1,590000000000000,72504799,164783,4934637,1743004025,0x2d48814deafb8dcc94cd08f067841edd7df2753a502e166e62423a88008bddbb,NewSale
0xc97f8C5F7dAeeB6d422C6f77c105Fec2deE9633b,75294,0xbc2d6E7c81E7f35473b3594031FCC4c519fD24Ad,0,0x4d408fcffe3ec00b41d4131007943d295df43aa2,1,200000000000000,72799337,140578,4934641,1743004033,0xdef3b73c70cac7b29ea8a1fa9e8540affc7683f654b8c5f9bcc32ba841b6c0d4,NewSale
0xeb418E53EFcDc351137C9A81c70967b8D7063f4C,75277,0x7e5F161dd824d98AC3474eBf550716d0cb83E8C6,0,0x830a6393d714670f53df3e5ba14ca5f92978bbdb,1,500000000000000,73299714,164783,4934667,1743004085,0x338054cb2521c4dced873313f0ad46bcd5fc1332b2ea757a250eb2b59fcef95c,NewSale
0xc97f8C5F7dAeeB6d422C6f77c105Fec2deE9633b,75287,0xbc2d6E7c81E7f35473b3594031FCC4c519fD24Ad,1,0x66277b810f99760c3ea14cca808a5f5beb914bf5,1,200000000000000,73577146,152878,4934668,1743004087,0x5672876d541cd1e7657102600e9a6bda0d6e3694c127f23628a478757acb9554,NewSale
0x2065b7a05102C48A44CB985a1E1f466ac9cEE08C,75170,0xbc2d6E7c81E7f35473b3594031FCC4c519fD24Ad,0,0xeec533b64b265dfd52fd465aeb49d8e562d9ea32,1,275000000000000,73409608,140578,4934670,1743004091,0x2052dbcb318659f166a95a51e8498cbc3b61681b8c7cb32eac82a984faf85fb4,NewSale
0xc97f8C5F7dAeeB6d422C6f77c105Fec2deE9633b,75299,0xbc2d6E7c81E7f35473b3594031FCC4c519fD24Ad,0,0xf4c739c80573db1228f35abe2682fc9e2be55d66,1,200000000000000,73706518,140578,4934676,1743004103,0xfa8877673bbfb584dbf225dd1e589a9294932cb6499915a3dca1f1935e527e60,NewSale
0xc97f8C5F7dAeeB6d422C6f77c105Fec2deE9633b,75288,0xbc2d6E7c81E7f35473b3594031FCC4c519fD24Ad,0,0x66277b810f99760c3ea14cca808a5f5beb914bf5,1,200000000000000,73629890,140578,4934684,1743004119,0x97edfb5bb923e63d2324ce225628a3aedc65925ac4c69c63f417b25a51e1e83b,NewSale
0xc97f8C5F7dAeeB6d422C6f77c105Fec2deE9633b,75290,0xbc2d6E7c81E7f35473b3594031FCC4c519fD24Ad,0,0xb57b0713b72cb43a089dce420db9aafaaa91be8d,1,200000000000000,73500000,140578,4934692,1743004135,0x6d251565a625137497f5b050f01917a3ccab4f94e24e397325eac89b832a343f,NewSale
0xc97f8C5F7dAeeB6d422C6f77c105Fec2deE9633b,75298,0xbc2d6E7c81E7f35473b3594031FCC4c519fD24Ad,0,0xf4c739c80573db1228f35abe2682fc9e2be55d66,1,200000000000000,73768570,140578,4934701,1743004153,0x9b7944c631e9558e584e551477385f1d69d7bdbb908143121ba91a948670f822,NewSale
0xc97f8C5F7dAeeB6d422C6f77c105Fec2deE9633b,75295,0xbc2d6E7c81E7f35473b3594031FCC4c519fD24Ad,0,0x0bdc3a65e6222c80be493039eeeac861568417fc,1,200000000000000,72964652,157678,4934709,1743004169,0x455eba439ca8506a566b2184bcfaecf3810c4933dfcf19f0c341fa995d7b4831,NewSale
0xC0DEc165A5d6e6766Fbc35c977f89535899D0411,74893,0xbc2d6E7c81E7f35473b3594031FCC4c519fD24Ad,0,0x53d3f0fbc9a5005ad2aeb381115dfb9d5462de3a,1,249999990000000,73916345,142189,4934723,1743004197,0xda4f6ecfa44607f89b1b592939cba5ca5fcd46f9e55ee5010aa7c4d0abbd87f3,NewSale
0xc97f8C5F7dAeeB6d422C6f77c105Fec2deE9633b,75293,0xbc2d6E7c81E7f35473b3594031FCC4c519fD24Ad,0,0x90a343498063661f425ff26baf25ca4f2f64521c,1,200000000000000,73800000,157678,4934725,1743004201,0x2a90d4b2bfb22813f662c76bec179dfd372b1f4e58ca3f8508922db574b16f42,NewSale
0xc97f8C5F7dAeeB6d422C6f77c105Fec2deE9633b,75297,0xbc2d6E7c81E7f35473b3594031FCC4c519fD24Ad,0,0x0bdc3a65e6222c80be493039eeeac861568417fc,1,200000000000000,72868062,135778,4934725,1743004201,0x85789145270af31f1f2ef7f6de23a9c19df18a34a7f6774dedff07324fec212f,NewSale
0x2065b7a05102C48A44CB985a1E1f466ac9cEE08C,75160,0xbc2d6E7c81E7f35473b3594031FCC4c519fD24Ad,0,0xeec533b64b265dfd52fd465aeb49d8e562d9ea32,1,275000000000000,73934198,140578,4934726,1743004203,0xb7182cb3dd3d2bd04bdb048a007ce8e2d7457ccf61ce63b4b1c3f4084c7cddb6,NewSale
0xf4064E9262fC2a92eA87bf565b723644Cd31e77e,75303,0x4489A334E66076933e76337E3eC7376BA84f0864,0,0xf4c739c80573db1228f35abe2682fc9e2be55d66,1,200000000000000,73839317,162471,4934739,1743004229,0xbab122198100ebd69ed3926375ab049a95d757df0e33ff9699d7c002cee745d3,NewSale
0xC0DEc165A5d6e6766Fbc35c977f89535899D0411,74893,0xbc2d6E7c81E7f35473b3594031FCC4c519fD24Ad,0,0x80974c1dba9aa242b4acb7078ba1536a90314dc6,1,249999990000000,73790141,142201,4934740,1743004231,0x9f2cf2ceba9c59b7abc3314b90a79f2e12fc9a7ad278bcfe1ac7696170fc55bf,NewSale
0x59326d6B101A2FA9fD6D45372D5344C36853d444,75177,0xdc0F91C5a4D200FfC21658901c77c0fE1A14d199,0,0x09e2a322e60217dadef3d16fe49eb7eb97826d05,1,600000000000000,73720000,150183,4934773,1743004297,0xdffae9de9516fa0fe706fbb29ff6e981d8692afb187ca853ae7ccbfcf5267260,NewSale
0x26D5091bf8353f4553dfF080d6687d434dfB6408,75280,0xbc2d6E7c81E7f35473b3594031FCC4c519fD24Ad,1,0xf4c739c80573db1228f35abe2682fc9e2be55d66,1,500000000000000,73678947,152890,4934779,1743004309,0x9fbf0e4354f44647ae94e26a2baf3eb82d3d4c3d2241b9c88574c0831acf95ca,NewSale
0x446dED6b680Fb337E9A4d9cAf3A21E89A7457981,75271,0xdc0F91C5a4D200FfC21658901c77c0fE1A14d199,0,0xf5e4fa9409fc405693905d668aaca5b59ba5eb50,1,650000000000000,73680000,150183,4934784,1743004319,0x855ea07e1cc371abcfc1fb8120e1d30888b2fa4481eff266a52139c988a5d88f,NewSale
0xf4064E9262fC2a92eA87bf565b723644Cd31e77e,75307,0xbc2d6E7c81E7f35473b3594031FCC4c519fD24Ad,0,0xf3fc7730bf75975a916428d69dd20fbe35a20fc9,1,200000000000000,73175987,140578,4934800,1743004351,0x3425b7feb3ea91442cd29290d8d477962f0bbc897a3205070244ac41a891ad82,NewSale
0xeb418E53EFcDc351137C9A81c70967b8D7063f4C,73873,0x7e5F161dd824d98AC3474eBf550716d0cb83E8C6,0,0x5fd776a1da57aa0a3f22c9b8b2fb7f79b56fa26a,1,500000000000000,73100000,164783,4934817,1743004385,0x8678f8b1f4e1684bc62ffb1113531aca3335c3eb4bc7acd1c99ad8595abbc839,NewSale
0x0BDc3A65E6222c80Be493039EEEAC861568417Fc,75312,0xbc2d6E7c81E7f35473b3594031FCC4c519fD24Ad,0,0x3f851484df1cd170f4e416e425a797ff39d89b42,1,250000000000000,72987287,140578,4934820,1743004391,0x4e0b278d937cec7b5e5244ae9cd91d1ecd5332e25720d74407efb11653ec481b,NewSale
0x2065b7a05102C48A44CB985a1E1f466ac9cEE08C,75062,0xbc2d6E7c81E7f35473b3594031FCC4c519fD24Ad,0,0xeec533b64b265dfd52fd465aeb49d8e562d9ea32,1,275000000000000,72905397,140578,4934829,1743004409,0x0ae8e221edf8b52969ee756dff19ce7b1edab860f2a56454283e66a1fa880ba7,NewSale
0x59326d6B101A2FA9fD6D45372D5344C36853d444,75131,0xdc0F91C5a4D200FfC21658901c77c0fE1A14d199,0,0x8a3f938b28a375f57b9ee8c1613d86141db46a09,1,600000000000000,72617369,150183,4934832,1743004415,0xb10ad7a2e3fdc1228d8d149d9aab9fe7c49549190594be6a0b64ac1fd2492ee9,NewSale
0xC0DEc165A5d6e6766Fbc35c977f89535899D0411,74779,0xbc2d6E7c81E7f35473b3594031FCC4c519fD24Ad,0,0x3f851484df1cd170f4e416e425a797ff39d89b42,1,269999990000000,72531638,142201,4934837,1743004425,0xc6456b04a8d9b77ae5c4c3c1f0efc32a5b00815331da9bbdfa0ab60d1af3768c,NewSale
0xC0DEc165A5d6e6766Fbc35c977f89535899D0411,74777,0xbc2d6E7c81E7f35473b3594031FCC4c519fD24Ad,0,0x90a343498063661f425ff26baf25ca4f2f64521c,1,259999990000000,72970000,142201,4934839,1743004429,0x86fda82c5338a62c2531f77fe5ed279e8172e0a7062627f59ff1950e5414a9ec,NewSale
0xf4064E9262fC2a92eA87bf565b723644Cd31e77e,75316,0x7e5F161dd824d98AC3474eBf550716d0cb83E8C6,1,0x5fd776a1da57aa0a3f22c9b8b2fb7f79b56fa26a,1,200000000000000,72970000,162471,4934844,1743004439,0x613fe18c443adb37afee811f43a260f6c9a5fd0f1c01c6a213e2b5e8691d076a,NewSale
0xC0DEc165A5d6e6766Fbc35c977f89535899D0411,74779,0xbc2d6E7c81E7f35473b3594031FCC4c519fD24Ad,0,0x3f851484df1cd170f4e416e425a797ff39d89b42,1,269999990000000,72136787,142201,4934849,1743004449,0x78b8a07a98edbfb8774097cb765ec628e06798330da078954a921d11dbb5245d,NewSale
0x723A842c4729e9Bb717a38f1335c5712f39f8908,75315,0xbc2d6E7c81E7f35473b3594031FCC4c519fD24Ad,1,0x90a343498063661f425ff26baf25ca4f2f64521c,1,250000000000000,72320000,140578,4934860,1743004471,0x083400286f53a5eb943a90d7cda6a5ece4d1295493a4834e5e67f239c25c658a,NewSale
0xeb418E53EFcDc351137C9A81c70967b8D7063f4C,73929,0x7e5F161dd824d98AC3474eBf550716d0cb83E8C6,0,0x5fd776a1da57aa0a3f22c9b8b2fb7f79b56fa26a,1,500000000000000,72320000,147683,4934865,1743004481,0xd55e6e60253b048daa3d741a8f771224c8da5b9e0f6a05151250d21fa8e88c80,NewSale
0x66277b810F99760C3Ea14CcA808a5F5BeB914bF5,75313,0xbc2d6E7c81E7f35473b3594031FCC4c519fD24Ad,1,0x8236fb9f8171aa9c410550e4ae054d5a0a06d17a,1,199000000000000,71946531,152878,4934879,1743004509,0x0b784eab3af96f1b4f32e85af35b17ed87375bf9cc6ba3c994d35109f7cb74a2,NewSale
0x81Da1F9aaa538dD7eAbe1d3C909BB2267E85B6bb,75327,0xbc2d6E7c81E7f35473b3594031FCC4c519fD24Ad,0,0x2b8f69664c66d1d146a0b871d7e058e7313627ce,1,10000000000000,72632749,140578,4934903,1743004557,0xd4d4dd79724d618352aea90ff410680ba7fddc49a547b9a7a39c55a056b02eeb,NewSale
0x2065b7a05102C48A44CB985a1E1f466ac9cEE08C,75047,0xbc2d6E7c81E7f35473b3594031FCC4c519fD24Ad,0,0x3f851484df1cd170f4e416e425a797ff39d89b42,1,275000000000000,72532749,140578,4934903,1743004557,0x6b00670c087d85041cc842e64ba9fea7cb03b7d4034314c9b6573b15b8768d5d,NewSale
0xf8916891Cc10e8855B1341BfeBce9B731754364b,75289,0xbc2d6E7c81E7f35473b3594031FCC4c519fD24Ad,1,0x80974c1dba9aa242b4acb7078ba1536a90314dc6,1,240000000000000,72404386,152866,4934914,1743004579,0xdbde1700cdee9ce31124270a4832ae5a033e06df48876bfe35dd9f05fa4cbbda,NewSale
0x2065b7a05102C48A44CB985a1E1f466ac9cEE08C,75065,0xbc2d6E7c81E7f35473b3594031FCC4c519fD24Ad,0,0x3f851484df1cd170f4e416e425a797ff39d89b42,1,275000000000000,72867413,140578,4934921,1743004593,0x09d08d1e4686ef9f968f571e61d0cdd9d2d9511aec54fa4f644027ded88578ed,NewSale
0xf4064E9262fC2a92eA87bf565b723644Cd31e77e,75308,0xbc2d6E7c81E7f35473b3594031FCC4c519fD24Ad,0,0x2b8f69664c66d1d146a0b871d7e058e7313627ce,1,200000000000000,73040186,140578,4934922,1743004595,0x25ab29c38b37ad886d838e9e543ef3c56c0a984151de093244e9b249f8c246bb,NewSale
0xf4064E9262fC2a92eA87bf565b723644Cd31e77e,75326,0xbc2d6E7c81E7f35473b3594031FCC4c519fD24Ad,1,0x2d12523cfd543aceeb0215b0887477dae7abe271,1,200000000000000,72740989,152878,4934934,1743004619,0xb410f5c8b1fa35cd982ff8a6ef4938c0eb493909f5eeafc88b0a10abf8b3d58b,NewSale
0x2065b7a05102C48A44CB985a1E1f466ac9cEE08C,75068,0xbc2d6E7c81E7f35473b3594031FCC4c519fD24Ad,0,0x3f851484df1cd170f4e416e425a797ff39d89b42,1,275000000000000,73041313,140578,4934936,1743004623,0x4c06b848a0031d95a7ce2bb2edd1c9ec902833a6537fb6be7a5f5d3d6b1e63be,NewSale
0xf4064E9262fC2a92eA87bf565b723644Cd31e77e,75310,0xbc2d6E7c81E7f35473b3594031FCC4c519fD24Ad,0,0x2b8f69664c66d1d146a0b871d7e058e7313627ce,1,200000000000000,73255382,140578,4934941,1743004633,0x04ff315fe50f855fb59b6616d5b562329501467bcf91d7c3482c522a989396be,NewSale
0xf4064E9262fC2a92eA87bf565b723644Cd31e77e,75319,0xdc0F91C5a4D200FfC21658901c77c0fE1A14d199,0,0x90a343498063661f425ff26baf25ca4f2f64521c,1,200000000000000,73070000,150171,4934942,1743004635,0xc80db2adf64a0e19fa63bb445e1cdf7e737d775c674d08e351158ff53942811e,NewSale
0x2065b7a05102C48A44CB985a1E1f466ac9cEE08C,75173,0xbc2d6E7c81E7f35473b3594031FCC4c519fD24Ad,0,0x3f851484df1cd170f4e416e425a797ff39d89b42,1,275000000000000,72001284,140578,4934952,1743004655,0x23cf621f9ea3c86573d3773596d76b5b9b24258e8f9c3d6efdd31885c50b87ac,NewSale
0xf4064E9262fC2a92eA87bf565b723644Cd31e77e,75311,0xbc2d6E7c81E7f35473b3594031FCC4c519fD24Ad,0,0x2b8f69664c66d1d146a0b871d7e058e7313627ce,1,200000000000000,72782303,135778,4934964,1743004679,0x264a12afbaadac70f62e7323e2e188153368511ebc383859dcc2d9314d9dab1a,NewSale
0x0BDc3A65E6222c80Be493039EEEAC861568417Fc,75323,0xbc2d6E7c81E7f35473b3594031FCC4c519fD24Ad,0,0x2d12523cfd543aceeb0215b0887477dae7abe271,1,250000000000000,72719292,135778,4934965,1743004681,0xe7d32dc5cb03f2ba164ceecce25e7d36e25749013ae53ccc4e614c6f0a05fe13,NewSale
0xf4064E9262fC2a92eA87bf565b723644Cd31e77e,75324,0xdc0F91C5a4D200FfC21658901c77c0fE1A14d199,0,0x8a50deb4aa603bdbdea9c99e204518ca23b71d2a,1,200000000000000,72646744,145371,4934965,1743004681,0xcb49ba03d560c5cca327a188f5bff6b1a88ec6e61e2748051a44211c62689509,NewSale
0x2065b7a05102C48A44CB985a1E1f466ac9cEE08C,75029,0xbc2d6E7c81E7f35473b3594031FCC4c519fD24Ad,0,0x3f851484df1cd170f4e416e425a797ff39d89b42,1,275000000000000,71483456,140578,4934967,1743004685,0xd80998845c7596c466b14b276ea820f0bc45b65dbf3176c422758f60c010ed60,NewSale
0xbc9e5e5C5044aD52C5e8BCa1B810FC5570c55fD3,59208,0x3C64026f79C997E422d84ACf7c318C28c73DDAaA,22,0xb18e3cf475be992c870b93622b8d1ff77cfb98b7,1,42000000000000000000,72823704,186918,4934978,1743004707,0xc5533eb91a191b6761f22c583f8d8a912e04240a9774bbb761d8b8424e2491c1,NewSale
0x2065b7a05102C48A44CB985a1E1f466ac9cEE08C,75156,0xbc2d6E7c81E7f35473b3594031FCC4c519fD24Ad,0,0x3f851484df1cd170f4e416e425a797ff39d89b42,1,275000000000000,72716174,140578,4934980,1743004711,0xe022809ac1b6bf0c7d5bdad0833303aeb59c50d5404866799adef7f037a6b148,NewSale
0xC0DEc165A5d6e6766Fbc35c977f89535899D0411,74893,0xbc2d6E7c81E7f35473b3594031FCC4c519fD24Ad,0,0x2b8f69664c66d1d146a0b871d7e058e7313627ce,1,249999990000000,72736455,142201,4934982,1743004715,0x83669fd44e00afeec96ac4f557db0a1ac51cb3af4150b38494edfc4ee841063f,NewSale
0x2065b7a05102C48A44CB985a1E1f466ac9cEE08C,75185,0xbc2d6E7c81E7f35473b3594031FCC4c519fD24Ad,0,0x3f851484df1cd170f4e416e425a797ff39d89b42,1,275000000000000,71622051,140578,4934993,1743004737,0x387ecd7f409d7dea19f3d50c5c81f691fcf62e45b6d17aa97a4ff4bfb0d50bb1,NewSale
0x81Da1F9aaa538dD7eAbe1d3C909BB2267E85B6bb,75333,0xbc2d6E7c81E7f35473b3594031FCC4c519fD24Ad,0,0x2b8f69664c66d1d146a0b871d7e058e7313627ce,1,10000000000000,73061257,140578,4935001,1743004753,0xa5fc8936ac761ed4d65b261b6cbf3223708fd10631fd3fde83173ea7a6ac3c86,NewSale
0x9Ebe547ee00899AcA5AB99F05182f2d5B7F37827,75318,0x02e21A25F0038fa5BDEe9c0b77aC0c1E84d3d6f0,1885,0x90a343498063661f425ff26baf25ca4f2f64521c,1,390000000000000,73000000,150458,4935007,1743004765,0x3b895f9178bad3410f569394557d31e70e714e9a6ce4a0c3f98c3ce04d48d5bf,NewSale
0x81Da1F9aaa538dD7eAbe1d3C909BB2267E85B6bb,75338,0xbc2d6E7c81E7f35473b3594031FCC4c519fD24Ad,0,0x2b8f69664c66d1d146a0b871d7e058e7313627ce,1,10000000000000,72440516,140578,4935026,1743004803,0x6863e1993b509b18ecc6129e178fb21eca06798a77e13d60494efa2a8ab10523,NewSale
0xf4064E9262fC2a92eA87bf565b723644Cd31e77e,75314,0xFC000E355ea1dC4A8B8e40B7A09d1fFf82596D7b,0,0x2d12523cfd543aceeb0215b0887477dae7abe271,1,200000000000000,72020515,152862,4935044,1743004839,0x74b9be36fd8cec89f18ebc939c083db235e49282ac2e530dea988f7a953c0e72,NewSale
0x81Da1F9aaa538dD7eAbe1d3C909BB2267E85B6bb,75339,0xbc2d6E7c81E7f35473b3594031FCC4c519fD24Ad,0,0x2b8f69664c66d1d146a0b871d7e058e7313627ce,1,10000000000000,71751935,140578,4935045,1743004841,0x67b28019d9ccb8b38d38df7b535b0ef7cbf53ee90a984ecc67e30def254a2f66,NewSale
0x81Da1F9aaa538dD7eAbe1d3C909BB2267E85B6bb,75340,0xbc2d6E7c81E7f35473b3594031FCC4c519fD24Ad,0,0x2b8f69664c66d1d146a0b871d7e058e7313627ce,1,100000000000000,71809885,140578,4935063,1743004877,0xa32b5b6712550a7378f4b9b2f764dc108dbf6f15675aedbc41cf3c73ba521840,NewSale
0x3d3E9d5C865CD1f09063652A7ACeb9b033DDdCd7,75322,0xdc0F91C5a4D200FfC21658901c77c0fE1A14d199,0,0x19dff96db10828d95ada86c44f1a8e556c034086,1,540000000000000,71150815,162483,4935080,1743004911,0x7168f679d15d7dac3402863ea11ba53ac9212db43bf7f3e875373373f99c0769,NewSale
0x49715B66Ee783473441791f5178fFC59dA1b1414,75334,0xbc2d6E7c81E7f35473b3594031FCC4c519fD24Ad,0,0x2b8f69664c66d1d146a0b871d7e058e7313627ce,1,200000000000000,71173048,140578,4935089,1743004929,0x21908df6df75fa395487f00a48d90b61e0c045f370b842fb0ff8af8062e555d8,NewSale
0x81Da1F9aaa538dD7eAbe1d3C909BB2267E85B6bb,75341,0xbc2d6E7c81E7f35473b3594031FCC4c519fD24Ad,0,0x2b8f69664c66d1d146a0b871d7e058e7313627ce,1,100000000000000,70722347,135778,4935110,1743004971,0x977b4decf41cec23c6d81739844adb58e874584b94f6b002cae46595d7b86a83,NewSale
0xC0DEc165A5d6e6766Fbc35c977f89535899D0411,74893,0xbc2d6E7c81E7f35473b3594031FCC4c519fD24Ad,0,0xf0d2f476a1229063d45f5f90f4ae63856bc904bd,1,249999990000000,70490000,142201,4935131,1743005013,0x7b3bb8e3cfc70c9df3f110666086e92398262e5a24307617b8cdab1041d11419,NewSale
0xC0DEc165A5d6e6766Fbc35c977f89535899D0411,74893,0xbc2d6E7c81E7f35473b3594031FCC4c519fD24Ad,0,0xf0d2f476a1229063d45f5f90f4ae63856bc904bd,1,249999990000000,70030000,142201,4935152,1743005055,0xf4ec37fc8cc23ebe7153f85c1784aee407b5e63c36ad29fe23d1e123f0547e1d,NewSale
0x723A842c4729e9Bb717a38f1335c5712f39f8908,75309,0xbc2d6E7c81E7f35473b3594031FCC4c519fD24Ad,1,0xce3a579ca0c159adfc0381b3aa8c6c70b040ed53,1,250000000000000,69061913,152878,4935156,1743005063,0x812bab5a834c113d1ab5e82341c89a8d2cac762d32c89814a5049b82dc907526,NewSale
0xC0DEc165A5d6e6766Fbc35c977f89535899D0411,74777,0xbc2d6E7c81E7f35473b3594031FCC4c519fD24Ad,0,0x4faa867dfa3bad150cc2c3511b43cead0ad7949a,1,259999990000000,68230487,142201,4935157,1743005065,0xc596d03f68c93c84f91e1bbe7bdb34395240e789de673cf33288fc8affdfe00f,NewSale
0xC0DEc165A5d6e6766Fbc35c977f89535899D0411,74893,0xbc2d6E7c81E7f35473b3594031FCC4c519fD24Ad,0,0xf0d2f476a1229063d45f5f90f4ae63856bc904bd,1,249999990000000,69150000,142201,4935172,1743005095,0xa702b4fa308c0b3b46d6b18797ce544000b2046b831325e84d5e6615cbf2cc11,NewSale
0x49715B66Ee783473441791f5178fFC59dA1b1414,75342,0xbc2d6E7c81E7f35473b3594031FCC4c519fD24Ad,0,0xce3a579ca0c159adfc0381b3aa8c6c70b040ed53,1,200000000000000,67574664,140578,4935184,1743005119,0xa60cebd9b24a4bdb5289eaee785320cbd452bc98692d7f2e62f6c86ea2ad328d,NewSale
0x64f7C019021aC74A68D90D08491Ca43b2a632E71,74642,0xbc2d6E7c81E7f35473b3594031FCC4c519fD24Ad,1,0x0a1a8a13fd2c3094b8f563b4944db4e18bfcf90c,1,15200000000000000000,68800000,165054,4935186,1743005123,0x0ce40d5d2e264455d489296a33a494775f2d0045044b06dc45851c78c67b65ee,NewSale
0x8236Fb9f8171aa9C410550e4aE054d5a0a06D17a,75343,0xbc2d6E7c81E7f35473b3594031FCC4c519fD24Ad,0,0xf0d2f476a1229063d45f5f90f4ae63856bc904bd,1,100000000000000,68510000,135778,4935194,1743005139,0xe11864f1eef4fd960810f426723ea41c4db6151a984995eaf853621b34a5b14d,NewSale
0xC0DEc165A5d6e6766Fbc35c977f89535899D0411,74777,0xbc2d6E7c81E7f35473b3594031FCC4c519fD24Ad,0,0x4faa867dfa3bad150cc2c3511b43cead0ad7949a,1,259999990000000,67163702,142201,4935194,1743005139,0x9d6255111b74ba280342cb6588e4b83ce435c11fa42fcd5dd1d851f7e8813ba6,NewSale
0xC0DEc165A5d6e6766Fbc35c977f89535899D0411,74893,0xbc2d6E7c81E7f35473b3594031FCC4c519fD24Ad,0,0xf0d2f476a1229063d45f5f90f4ae63856bc904bd,1,249999990000000,68150000,142201,4935213,1743005177,0xa2b250cdb33295a35392489435b24458f8aaea58a627cbece1282f4cfc914ee1,NewSale
0xC0DEc165A5d6e6766Fbc35c977f89535899D0411,74893,0xbc2d6E7c81E7f35473b3594031FCC4c519fD24Ad,0,0xce3a579ca0c159adfc0381b3aa8c6c70b040ed53,1,249999990000000,66423984,142201,4935234,1743005219,0x38cf7e3d493b16954f13ab6d00c974c718d9c022eb32670b923d8d1b6f3a43be,NewSale
0xC0DEc165A5d6e6766Fbc35c977f89535899D0411,74893,0xbc2d6E7c81E7f35473b3594031FCC4c519fD24Ad,0,0xce3a579ca0c159adfc0381b3aa8c6c70b040ed53,1,249999990000000,65879960,142201,4935249,1743005249,0x51f2bb672434dbacd908a96f92cf9a83fdc47df21e75d3a582ff9e65676cb3df,NewSale
0xeb418E53EFcDc351137C9A81c70967b8D7063f4C,75320,0x7e5F161dd824d98AC3474eBf550716d0cb83E8C6,0,0x2d12523cfd543aceeb0215b0887477dae7abe271,1,500000000000000,66879860,164783,4935252,1743005255,0x3b0f25277b2758dc784ac297fe51bc86189b31785393e9478da48ff0f8c03e99,NewSale
0xC0DEc165A5d6e6766Fbc35c977f89535899D0411,74893,0xbc2d6E7c81E7f35473b3594031FCC4c519fD24Ad,0,0xf0d2f476a1229063d45f5f90f4ae63856bc904bd,1,249999990000000,66980000,142201,4935260,1743005271,0xb6a438b6df643bc217efc4941fc25b0ecea2892efcb38988f14db0ebddf0f10f,NewSale
0xC0DEc165A5d6e6766Fbc35c977f89535899D0411,74893,0xbc2d6E7c81E7f35473b3594031FCC4c519fD24Ad,0,0xf0d2f476a1229063d45f5f90f4ae63856bc904bd,1,249999990000000,67070000,142201,4935279,1743005309,0xb41f06443dc2d0b7797bc52558c97566723c25ddb4255c692ef3438dca957e12,NewSale
0xC0DEc165A5d6e6766Fbc35c977f89535899D0411,74893,0xbc2d6E7c81E7f35473b3594031FCC4c519fD24Ad,0,0x0a1a8a13fd2c3094b8f563b4944db4e18bfcf90c,1,249999990000000,67070000,142201,4935285,1743005321,0x17a707a86e58291958e74718d3e5e923b225d47f8baca1e8b84673c7bc146eaa,NewSale
0xC0DEc165A5d6e6766Fbc35c977f89535899D0411,74893,0xbc2d6E7c81E7f35473b3594031FCC4c519fD24Ad,0,0xf0d2f476a1229063d45f5f90f4ae63856bc904bd,1,249999990000000,67440000,142201,4935298,1743005347,0x9bc7437a551617f5a97c3e07a9cc3f198fa0b6523f323df9c000d031cbc0ec85,NewSale
0x4Faa867DFa3bAd150cC2C3511b43CeAd0Ad7949A,75346,0xbc2d6E7c81E7f35473b3594031FCC4c519fD24Ad,0,0xf0d2f476a1229063d45f5f90f4ae63856bc904bd,1,210000000000000,67360000,140578,4935330,1743005411,0xd2f4d2d382778164a7d463885b8ed2b38d54ba5b5f3cd8fe2967b645b5ce4340,NewSale
0x8236Fb9f8171aa9C410550e4aE054d5a0a06D17a,75344,0x897d1cBBeDC44c8371672e8cA72555b5194D6D86,0,0xcf496c13740e973d5f59fb6c8f7b61a06967be00,1,100000000000000,67360000,162475,4935335,1743005421,0x664c56c400c29ebf8d57ad053368de3f0d65c057aecfc87ab21d84a822fff54a,NewSale
0x4Faa867DFa3bAd150cC2C3511b43CeAd0Ad7949A,75349,0xbc2d6E7c81E7f35473b3594031FCC4c519fD24Ad,0,0x2d12523cfd543aceeb0215b0887477dae7abe271,1,210000000000000,66307322,140578,4935346,1743005443,0x187245ae1a9052faf9989e0b85fd8568bd815092d1dee0777c79436ac16cf48f,NewSale
0xce3a579ca0c159aDfC0381B3Aa8c6c70B040ED53,75351,0xbc2d6E7c81E7f35473b3594031FCC4c519fD24Ad,1,0x2d12523cfd543aceeb0215b0887477dae7abe271,1,399000000000000,64532145,135790,4935411,1743005573,0xf304f466c7f626911fd85782c2d3bf7ff624984014996277ee4155b52db64c82,NewSale
0xeF0Ef28b882d166B732d00A01Ea762B9CCd3FE44,75348,0xbc2d6E7c81E7f35473b3594031FCC4c519fD24Ad,1,0xce3a579ca0c159adfc0381b3aa8c6c70b040ed53,1,245000000000000,64540934,159289,4935414,1743005579,0x8719e0c0ac06e1af9d79b0974cc6b236fb24bdeb096070a3866abd61ffa94104,NewSale
0x85DEF423Aa19239CAe527963fB131a14e5Cb4bba,63546,0x897d1cBBeDC44c8371672e8cA72555b5194D6D86,0,0xb18e3cf475be992c870b93622b8d1ff77cfb98b7,1,40000000000000000000,64496403,186934,4935415,1743005581,0xe6bfdb3f29e45ea87bb4b16fc61ee608b8adf2f27f24f8764d46242c51b52ed3,NewSale
0xdDEE7338E62BE267aA970233733Ba2A3c802Ed50,75108,0xbc2d6E7c81E7f35473b3594031FCC4c519fD24Ad,0,0x6d882925377e9fa250ffd6b62164ab4084dbbcb7,1,269000000000000,64530000,140578,4935433,1743005617,0x000f689b768f9c2c88d3915c1ae7e653b7eb0f15465d7666cce1f822e6cedc48,NewSale
0xce3a579ca0c159aDfC0381B3Aa8c6c70B040ED53,75352,0xbc2d6E7c81E7f35473b3594031FCC4c519fD24Ad,0,0x84b66972cc99d068f9e2eef9ce2eb7e914816587,1,956000000000000,64090527,159301,4935442,1743005635,0xbef845cf3d1c4c347ba0f13de4372b9fe72b43e0ed506c520590f330f8e68e4e,NewSale
0xeF0Ef28b882d166B732d00A01Ea762B9CCd3FE44,75348,0xbc2d6E7c81E7f35473b3594031FCC4c519fD24Ad,1,0x6d882925377e9fa250ffd6b62164ab4084dbbcb7,1,245000000000000,64000000,159289,4935456,1743005663,0x2855f9fc55cfd24b0acc7a25a0bb85457d6528a8b5a20d1e6d92f8cfa80c441a,NewSale
0xeF0Ef28b882d166B732d00A01Ea762B9CCd3FE44,75348,0xbc2d6E7c81E7f35473b3594031FCC4c519fD24Ad,1,0xe903114f763d7e381fd6583861654459ef9f917e,1,245000000000000,63485926,142189,4935457,1743005665,0xfc848232221971440928c1154904d2640523414c935823d67034e524b78504e4,NewSale
0xC0DEc165A5d6e6766Fbc35c977f89535899D0411,74893,0xbc2d6E7c81E7f35473b3594031FCC4c519fD24Ad,0,0x6d882925377e9fa250ffd6b62164ab4084dbbcb7,1,249999990000000,63440000,142201,4935474,1743005699,0xae09619dbee11f44e9500ab1a9fbaa80a8dc3668fc62401041c2d0fc6a3cedbc,NewSale
0xeF0Ef28b882d166B732d00A01Ea762B9CCd3FE44,75348,0xbc2d6E7c81E7f35473b3594031FCC4c519fD24Ad,1,0xe903114f763d7e381fd6583861654459ef9f917e,1,245000000000000,63214652,142189,4935489,1743005729,0xcb96f2edd50459ca1b50f722bfcae34722ab457f8c85bb4a464c5df2bd9c3c26,NewSale
0xC0DEc165A5d6e6766Fbc35c977f89535899D0411,74893,0xbc2d6E7c81E7f35473b3594031FCC4c519fD24Ad,0,0x6d882925377e9fa250ffd6b62164ab4084dbbcb7,1,249999990000000,63390000,142201,4935490,1743005731,0x10db1210f10cfbcca86979356a4443e762b3a2066c2a18c76bb939f8f54ecbb8,NewSale
0xeF0Ef28b882d166B732d00A01Ea762B9CCd3FE44,75348,0xbc2d6E7c81E7f35473b3594031FCC4c519fD24Ad,1,0xa3bda7368e74810cad60c0f16a98d7df8c8b2eb6,1,245000000000000,62300798,159289,4935518,1743005787,0x8302b97f01aec9df562ad202ac894d23df273b985f13ed23cf7f4ca0d46bd9d6,NewSale
0xeF0Ef28b882d166B732d00A01Ea762B9CCd3FE44,75348,0xbc2d6E7c81E7f35473b3594031FCC4c519fD24Ad,1,0xe903114f763d7e381fd6583861654459ef9f917e,1,245000000000000,62131883,142189,4935521,1743005793,0xde73411f8d6039e2f028a944da2be3c17459487923ec99ee6787d878ccb6ab9d,NewSale
0xC0DEc165A5d6e6766Fbc35c977f89535899D0411,74893,0xbc2d6E7c81E7f35473b3594031FCC4c519fD24Ad,0,0x6d882925377e9fa250ffd6b62164ab4084dbbcb7,1,249999990000000,62390000,142201,4935526,1743005803,0xdfff6daf7cf2e01b0dbca209090bb01b9c28eede16ba450c402aeb59c97520eb,NewSale
0xb9EF6244c55087b03C042Fa643Abf0df9BFCe95E,75186,0xbc2d6E7c81E7f35473b3594031FCC4c519fD24Ad,0,0x6d882925377e9fa250ffd6b62164ab4084dbbcb7,1,260000000000000,61360000,140578,4935552,1743005855,0x4068f99f8d5ac626de15df380372f888aad781773e292bcc878fb1daf64c92bb,NewSale
0xeF0Ef28b882d166B732d00A01Ea762B9CCd3FE44,75348,0xbc2d6E7c81E7f35473b3594031FCC4c519fD24Ad,1,0x78b1399170a2df7b6c85bfebe1edddc67d8ba7c8,1,245000000000000,60640000,159289,4935577,1743005905,0xe3426783fbbafba2861ff03049ba2f02bce2ea6ea55eaad84e13a0f108a3b8ec,NewSale
0xC0DEc165A5d6e6766Fbc35c977f89535899D0411,74779,0xbc2d6E7c81E7f35473b3594031FCC4c519fD24Ad,0,0x6d882925377e9fa250ffd6b62164ab4084dbbcb7,1,269999990000000,60840000,142201,4935584,1743005919,0x973a2af32c0abb93667108dd415702ab6771d07d52735e31638cbe468254722a,NewSale
0xeF0Ef28b882d166B732d00A01Ea762B9CCd3FE44,75348,0xbc2d6E7c81E7f35473b3594031FCC4c519fD24Ad,1,0xa3bda7368e74810cad60c0f16a98d7df8c8b2eb6,1,245000000000000,59244491,142189,4935598,1743005947,0x9c9be888160c134ddf487a0ffac1b21b4d83b4cc3e229fdc5efe76c1ff370fa9,NewSale
0xeF0Ef28b882d166B732d00A01Ea762B9CCd3FE44,75348,0xbc2d6E7c81E7f35473b3594031FCC4c519fD24Ad,1,0x78b1399170a2df7b6c85bfebe1edddc67d8ba7c8,1,245000000000000,59780000,142189,4935600,1743005951,0x9fa74a43b806b80f6a0af9dc1d137d03b07c38862dc59cd321b12fe707b1b985,NewSale
0x8cdC65BA206Fc77B993954B2e24Ce486E5eF1FdF,75138,0xbc2d6E7c81E7f35473b3594031FCC4c519fD24Ad,0,0x6d882925377e9fa250ffd6b62164ab4084dbbcb7,1,260000000000000,59470000,140578,4935607,1743005965,0xbb504a128d9ed5f5216938392b2dbe2c69d511eed2899c72fb78743842c31c8d,NewSale
0x34698dD9B5699900D877548704A43FC64f456e40,75354,0xbc2d6E7c81E7f35473b3594031FCC4c519fD24Ad,0,0xcbd3ce16b0e2b32bdca9650bfcadbafe941c5bab,1,1000000000000000000,58920000,180543,4935622,1743005995,0x36d0a9d9e500e28db86ea6fd72350b9bcc0678b1512dc836bb45bf6c04369184,NewSale
0x2065b7a05102C48A44CB985a1E1f466ac9cEE08C,75200,0xbc2d6E7c81E7f35473b3594031FCC4c519fD24Ad,0,0x1be01f360be59591a0cc2cf149f676cb40cd35b6,1,275000000000000,58630000,140578,4935629,1743006009,0x483c9f23ea2487c211fd90bed2c41d8afcd46aa6431a1bf1ee9c1b354f9d9277,NewSale
0xeF0Ef28b882d166B732d00A01Ea762B9CCd3FE44,75348,0xbc2d6E7c81E7f35473b3594031FCC4c519fD24Ad,1,0xa76483c1bc810fc7ad129af869439cf05c0b3004,1,245000000000000,57347376,152878,4935645,1743006041,0xb70388faeb30cf32e56903e4a17aec7e36bfeeb017099477ee2f671e32447953,NewSale
0x34698dD9B5699900D877548704A43FC64f456e40,75356,0xbc2d6E7c81E7f35473b3594031FCC4c519fD24Ad,0,0xcbd3ce16b0e2b32bdca9650bfcadbafe941c5bab,1,1000000000000000000,58030000,163443,4935652,1743006055,0x18c18127cc856b2c3846d359a7b11749afdd820a97080c001b3981b245973942,NewSale
0xC0DEc165A5d6e6766Fbc35c977f89535899D0411,74893,0xbc2d6E7c81E7f35473b3594031FCC4c519fD24Ad,0,0x50555c0bc7842f6a719df658215ea3119c6f0109,1,249999990000000,58030000,142201,4935654,1743006059,0xc92eceb854ed536ff3b7ae5cbaccd0f4ec1fc75c667f7f7eea22734803abf882,NewSale
0xC0DEc165A5d6e6766Fbc35c977f89535899D0411,74777,0xbc2d6E7c81E7f35473b3594031FCC4c519fD24Ad,0,0x50555c0bc7842f6a719df658215ea3119c6f0109,1,259999990000000,57090000,142201,4935667,1743006085,0xef4129c98f562e85cd7725d44b4abb24dfb2e924879df4cfc2b7068a99f2fdfd,NewSale
0x34698dD9B5699900D877548704A43FC64f456e40,75357,0xbc2d6E7c81E7f35473b3594031FCC4c519fD24Ad,0,0xcbd3ce16b0e2b32bdca9650bfcadbafe941c5bab,1,1000000000000000000,56870000,158643,4935678,1743006107,0xd5d6fb9bd8cac55553516901c1e0d5aca8af2632cdab9254f55293875861b571,NewSale
0xC0DEc165A5d6e6766Fbc35c977f89535899D0411,74777,0xbc2d6E7c81E7f35473b3594031FCC4c519fD24Ad,0,0x50555c0bc7842f6a719df658215ea3119c6f0109,1,259999990000000,56740000,142201,4935685,1743006121,0x00ce7b0b4c72b5b31d4efd956dfe2fc2d45728f71a7e4830d107f99e20c5cf94,NewSale
0x5FD776a1Da57aa0A3F22C9B8b2fB7f79B56fA26A,75331,0x7e5F161dd824d98AC3474eBf550716d0cb83E8C6,0,0x90a343498063661f425ff26baf25ca4f2f64521c,1,600000000000000,56370000,167283,4935688,1743006127,0x542a1b24036448e4ee23ec71b2b30c2561cc6d3e7441712881d1f6e93023505d,NewSale
0x07fb64A79FB74A25c66dDF1f801668D08cD363a8,75353,0xdc0F91C5a4D200FfC21658901c77c0fE1A14d199,0,0x131b0590ef82cfa94cfb8cd4f24f646a2a7237d6,1,1231200000000000,56870000,162483,4935693,1743006137,0xcfc1d93604c677a669f27cdc1d2c06999df70dc02c5002e1abd7cdcd576f6b42,NewSale
0x967f7437469BC95cc42615F25Bf282f43C8ce1fc,73037,0xfca66A2eFC73E0B9f8f6fEA0f94687af82ba53C0,3,0xe4f4baed82d30f2244fe1722aeda37def4b38ddc,1,44000000000000000000,54690871,186930,4935707,1743006165,0x5df780e20309e99a3e3e179b0b950046f36c1c74b9610b9cf3e888f989a14cc5,NewSale
0xC0DEc165A5d6e6766Fbc35c977f89535899D0411,74893,0xbc2d6E7c81E7f35473b3594031FCC4c519fD24Ad,0,0x50555c0bc7842f6a719df658215ea3119c6f0109,1,249999990000000,55200000,142201,4935710,1743006171,0xc662aad96ab89558d1d16f55a7a8def630456df104c8a502c5abba14ee5a18f1,NewSale
0xC0DEc165A5d6e6766Fbc35c977f89535899D0411,74777,0xbc2d6E7c81E7f35473b3594031FCC4c519fD24Ad,0,0x50555c0bc7842f6a719df658215ea3119c6f0109,1,259999990000000,54940000,142201,4935721,1743006193,0xd48c76cefa75a7b2919f9e9386f56a29669e293a131f56bb57fb00e45a746ff9,NewSale
0xC0DEc165A5d6e6766Fbc35c977f89535899D0411,74893,0xbc2d6E7c81E7f35473b3594031FCC4c519fD24Ad,0,0xa3bda7368e74810cad60c0f16a98d7df8c8b2eb6,1,249999990000000,53118185,159301,4935749,1743006249,0x4100984cd6df77c6aec30290ed54a29fcb2573e152e51991425963940d5b6de9,NewSale
0xCBd3CE16B0e2B32BDca9650bfcAdBAFE941C5baB,75359,0xbc2d6E7c81E7f35473b3594031FCC4c519fD24Ad,0,0xa925650e051423e3811400a9479d3e8d56f9a4fa,1,1000000000000000000,53250000,180531,4935757,1743006265,0x8934a41b0628f6747e57a0a2653b140cc0e61d83b9a215897a47f5381da40e81,NewSale
0xCBd3CE16B0e2B32BDca9650bfcAdBAFE941C5baB,75360,0xbc2d6E7c81E7f35473b3594031FCC4c519fD24Ad,0,0xa925650e051423e3811400a9479d3e8d56f9a4fa,1,1000000000000000000,52020000,163431,4935781,1743006313,0x12f9ec4195c26267b9df0ce10289b000193b11598cc530cc2e8d837a9bcb799e,NewSale
0xCBd3CE16B0e2B32BDca9650bfcAdBAFE941C5baB,75364,0xbc2d6E7c81E7f35473b3594031FCC4c519fD24Ad,0,0xa925650e051423e3811400a9479d3e8d56f9a4fa,1,1000000000000000000,51260000,158631,4935805,1743006361,0xb34fb4f154e30ca59d9537d8eabb69f8393b8eaadfb2a2f9b570b4c8a2dd71f5,NewSale
0xC0DEc165A5d6e6766Fbc35c977f89535899D0411,74893,0xbc2d6E7c81E7f35473b3594031FCC4c519fD24Ad,0,0xa3bda7368e74810cad60c0f16a98d7df8c8b2eb6,1,249999990000000,49527731,142201,4935840,1743006431,0x944cf5429f87e062de642eeb0fcb84c532373b510fbb5dba0e3e5e3b9939f855,NewSale
0xC0DEc165A5d6e6766Fbc35c977f89535899D0411,74777,0xbc2d6E7c81E7f35473b3594031FCC4c519fD24Ad,0,0x4cc2f8d9a9574fd8c41298f10ae8160c559ac7c1,1,259999990000000,51848003,142201,4935887,1743006525,0x231d0a92a8a187c7473f24a6eaa4413e1f5e6dcdc184707f25ef8193f78047c6,NewSale
0xC0DEc165A5d6e6766Fbc35c977f89535899D0411,74893,0xbc2d6E7c81E7f35473b3594031FCC4c519fD24Ad,0,0xd86fe81216234808569028e7d953b68054931c0a,1,249999990000000,52185100,142201,4935909,1743006569,0x2f173ac36b6a057d24e619e822b865504c85eff60007ca8e2234e88c776ebea1,NewSale
0xA925650e051423e3811400A9479D3E8D56f9A4fa,75371,0xbc2d6E7c81E7f35473b3594031FCC4c519fD24Ad,0,0xa327766ea3513d9c9d60de185cf2c0fb3bccad25,1,1000000000000000000,52100000,180543,4935913,1743006577,0x083ac0d791a49126f5fec04c010b02b1a78729a560e33bb3cbd39f0a081466e5,NewSale
0xC0DEc165A5d6e6766Fbc35c977f89535899D0411,74893,0xbc2d6E7c81E7f35473b3594031FCC4c519fD24Ad,0,0xd86fe81216234808569028e7d953b68054931c0a,1,249999990000000,52380323,142201,4935932,1743006615,0xc854aec9a7db6c9f9923ab484a7b0bc64733c65a54537a49a1db7e7121bf85a0,NewSale
0xA925650e051423e3811400A9479D3E8D56f9A4fa,75374,0xbc2d6E7c81E7f35473b3594031FCC4c519fD24Ad,0,0xa327766ea3513d9c9d60de185cf2c0fb3bccad25,1,1000000000000000000,52320000,163443,4935941,1743006633,0xf0554450ec5b1c6b8e8b2b263b1c41f139ca1cfd93c39aadd419839c1c83b6e5,NewSale
0xC0DEc165A5d6e6766Fbc35c977f89535899D0411,74893,0xbc2d6E7c81E7f35473b3594031FCC4c519fD24Ad,0,0xd86fe81216234808569028e7d953b68054931c0a,1,249999990000000,52522500,142201,4935946,1743006643,0x3ece623dddf5909ec46571c350963ef35b01506fdc0760d833a6b9cf3eab10cc,NewSale
0x50555c0bC7842f6a719df658215ea3119c6F0109,75366,0xbc2d6E7c81E7f35473b3594031FCC4c519fD24Ad,0,0xd86fe81216234808569028e7d953b68054931c0a,1,250000000000000,52643658,140578,4935961,1743006673,0xbf7dbefc2fb9c19a4522751ebb6660890554ff2bd4793953399dadca38ca11b1,NewSale
0xA925650e051423e3811400A9479D3E8D56f9A4fa,75376,0xbc2d6E7c81E7f35473b3594031FCC4c519fD24Ad,0,0xa327766ea3513d9c9d60de185cf2c0fb3bccad25,1,1000000000000000000,52560000,158643,4935968,1743006687,0x9edd0b9bc4d9ef11c463a31a1a67b740d971d7dbb0292f4d2a03e01aa767957c,NewSale
0x50555c0bC7842f6a719df658215ea3119c6F0109,75369,0xbc2d6E7c81E7f35473b3594031FCC4c519fD24Ad,0,0xd86fe81216234808569028e7d953b68054931c0a,1,250000000000000,53074073,140578,4935975,1743006701,0x7efd290d423d84c67304a4c00c82f7bbd9a839120785f801c5f6cf1e943ec400,NewSale
0x66277b810F99760C3Ea14CcA808a5F5BeB914bF5,75321,0xdc0F91C5a4D200FfC21658901c77c0fE1A14d199,0,0xe4f4baed82d30f2244fe1722aeda37def4b38ddc,1,590000000000000,53776056,145383,4936004,1743006759,0x2021e5dd1d84a3f7f327c036e8454e8ceb9eb62133cf8175248c647b5b586160,NewSale
0xC0DEc165A5d6e6766Fbc35c977f89535899D0411,74893,0xbc2d6E7c81E7f35473b3594031FCC4c519fD24Ad,0,0xa76483c1bc810fc7ad129af869439cf05c0b3004,1,249999990000000,54234938,142201,4936017,1743006785,0xc674aab6e341957ba02117697ad47c75969d0da80a05730b38b74013eafa4c89,NewSale
0xC0DEc165A5d6e6766Fbc35c977f89535899D0411,74893,0xbc2d6E7c81E7f35473b3594031FCC4c519fD24Ad,0,0x44a819b37b0520fbb5fdb5a8eddcddc5c2d3a22d,1,249999990000000,54628432,142201,4936027,1743006805,0x8f00596a2ecdb5a955a7ff4c09f6463340f009f68542fe6294c5bff571140429,NewSale
0xa3bDA7368e74810Cad60c0F16a98d7Df8C8B2eB6,75377,0xbc2d6E7c81E7f35473b3594031FCC4c519fD24Ad,1,0xd86fe81216234808569028e7d953b68054931c0a,1,237000000000000,55511806,157678,4936051,1743006853,0xf3b8113653f3e4753b7d7edc154538ecf26d83377e2287ad14fb228373e658c8,NewSale
0x142137A7641EdDBbb8DbABa04ecf0e366a32453A,75378,0xbc2d6E7c81E7f35473b3594031FCC4c519fD24Ad,0,0x44a819b37b0520fbb5fdb5a8eddcddc5c2d3a22d,1,200000000000000,55498437,135778,4936054,1743006859,0x5d6069f96bbed571568ce0bb4f3d7c16a8efb6447dae9cfeb324842b6019f092,NewSale
0xA327766ea3513d9C9D60DE185Cf2C0fB3bCCAd25,75380,0xbc2d6E7c81E7f35473b3594031FCC4c519fD24Ad,0,0x161324631c0fa0af5de534e43beb1de3ba90128a,1,1000000000000000000,56060000,163443,4936073,1743006897,0x7c18be1d2514db29459e8a0e0e4530f9427fa29bb9d90e237a272a258a594fdf,NewSale
0xC0DEc165A5d6e6766Fbc35c977f89535899D0411,74893,0xbc2d6E7c81E7f35473b3594031FCC4c519fD24Ad,0,0xce3a579ca0c159adfc0381b3aa8c6c70b040ed53,1,249999990000000,57337656,142201,4936086,1743006923,0xfa24eafc44088871a8056b124f144c09925a83a2cfe5d7c48f88d83cae752b6a,NewSale
0x50555c0bC7842f6a719df658215ea3119c6F0109,75370,0xbc2d6E7c81E7f35473b3594031FCC4c519fD24Ad,0,0xd86fe81216234808569028e7d953b68054931c0a,1,250000000000000,56937656,140578,4936086,1743006923,0xec2fdb505b944151902438cd8266b12d2078e87053cb072ab6fe3246f24bed0e,NewSale
0xC0DEc165A5d6e6766Fbc35c977f89535899D0411,74893,0xbc2d6E7c81E7f35473b3594031FCC4c519fD24Ad,0,0x1ac40fcc665b5461b7f0c4123cfa0239f1e18752,1,249999990000000,56850000,159301,4936092,1743006935,0x3b016db2e2db4f8057bf8a117bea3e4292059c55a420c5cc5fd3113636a8c68d,NewSale
0x50555c0bC7842f6a719df658215ea3119c6F0109,75373,0xbc2d6E7c81E7f35473b3594031FCC4c519fD24Ad,0,0xd86fe81216234808569028e7d953b68054931c0a,1,250000000000000,57412628,140578,4936101,1743006953,0x4d7839a4820caa7ca2651a2abe7d66c16a5be15d33bd99970968cd60b79b4fd1,NewSale
0xA327766ea3513d9C9D60DE185Cf2C0fB3bCCAd25,75382,0xbc2d6E7c81E7f35473b3594031FCC4c519fD24Ad,0,0x161324631c0fa0af5de534e43beb1de3ba90128a,1,1000000000000000000,56780000,163443,4936104,1743006959,0x44553a0b71b2584093c29da019e628c9b46495d4ddee6b7880e02f5cac3ac0a3,NewSale
0x50555c0bC7842f6a719df658215ea3119c6F0109,75375,0xbc2d6E7c81E7f35473b3594031FCC4c519fD24Ad,0,0x1e1fc678688dccbd2108c296b1c9107f950ad37a,1,250000000000000,57779634,140578,4936105,1743006961,0xac94f05dd9f24693dfd388ae15b5de1a41bb431916892a1ba4f6260d3924c9ea,NewSale
0xC0DEc165A5d6e6766Fbc35c977f89535899D0411,74893,0xbc2d6E7c81E7f35473b3594031FCC4c519fD24Ad,0,0x44a819b37b0520fbb5fdb5a8eddcddc5c2d3a22d,1,249999990000000,57279634,142201,4936105,1743006961,0x7bc8589acc41ecc7f546a3d7b7b9687f19a0f4be93bae7e6e0914e2cfd3a52fe,NewSale
0x50555c0bC7842f6a719df658215ea3119c6F0109,75372,0xbc2d6E7c81E7f35473b3594031FCC4c519fD24Ad,0,0x93840c5bf4f00f73abe47d02be20aa368deff774,1,250000000000000,57320000,152878,4936117,1743006985,0x566bb273badd35a9a4de1195db9f8d72ca5d7a6ebe49f0fa15d45f828eb527d1,NewSale
0xeb418E53EFcDc351137C9A81c70967b8D7063f4C,75362,0x7e5F161dd824d98AC3474eBf550716d0cb83E8C6,0,0x5344694b40fab396c93b2cbcf12ec3f5c6559d50,1,500000000000000,57800000,164783,4936120,1743006991,0xa18864b9ba0f40fffb567b5b8d8d4ff516aad34b23cfe25043f9d09c0d77d412,NewSale
0xC0DEc165A5d6e6766Fbc35c977f89535899D0411,74893,0xbc2d6E7c81E7f35473b3594031FCC4c519fD24Ad,0,0xa76483c1bc810fc7ad129af869439cf05c0b3004,1,249999990000000,57553753,142201,4936121,1743006993,0x021099b4f84ba483843a594de5f5905b9fe1ed3089b69a1186c251e34e4e0372,NewSale
0xC0DEc165A5d6e6766Fbc35c977f89535899D0411,74777,0xbc2d6E7c81E7f35473b3594031FCC4c519fD24Ad,0,0x1ac40fcc665b5461b7f0c4123cfa0239f1e18752,1,259999990000000,57320000,142201,4936122,1743006995,0x2eda929fef1063931ff564b780d87f634cb901263d366708b9a3a6f4f3c43cc9,NewSale
0xce3a579ca0c159aDfC0381B3Aa8c6c70B040ED53,75384,0xbc2d6E7c81E7f35473b3594031FCC4c519fD24Ad,0,0x44a819b37b0520fbb5fdb5a8eddcddc5c2d3a22d,1,235000000000000,57529133,140578,4936135,1743007021,0x86f085f9df03cf23fecde7e8cae1d1cda03ba131ffd191c0c3be697bce3768cb,NewSale
0xA327766ea3513d9C9D60DE185Cf2C0fB3bCCAd25,75386,0xbc2d6E7c81E7f35473b3594031FCC4c519fD24Ad,0,0x161324631c0fa0af5de534e43beb1de3ba90128a,1,1000000000000000000,57460000,158643,4936137,1743007025,0x5e68a3ad5a365a37db3acb9073831e897d785a44950344bd5cb3092c9fc77652,NewSale
0x8fB64389D3eac9FCC77E1AFBF57FcBf2df8723dd,75091,0xDfC21bE7cC791a5f03A95E836D385bBC6d7dF384,1327,0x2acad0b7b237f4f9c54537d8c6fdf1c6d6c2c976,1,390000000000000,57252147,155258,4936154,1743007059,0xc6b1b89ca9196fbed46c49323e3c0dbc31fbf9f33b4555724fc157a18361454b,NewSale
0xC0DEc165A5d6e6766Fbc35c977f89535899D0411,74786,0xbc2d6E7c81E7f35473b3594031FCC4c519fD24Ad,0,0x1ac40fcc665b5461b7f0c4123cfa0239f1e18752,1,265000000000000,57390000,142189,4936156,1743007063,0x202a6888754867af6829656b2360086cebe1df38b0d98488ce9f800371f6d1ee,NewSale
0xC0DEc165A5d6e6766Fbc35c977f89535899D0411,74893,0xbc2d6E7c81E7f35473b3594031FCC4c519fD24Ad,0,0xd86fe81216234808569028e7d953b68054931c0a,1,249999990000000,57348284,142201,4936157,1743007065,0x5815d65391876fe54d0447e6190a03341f6ba4cd289b7f44359385192e0cbbec,NewSale
0xC0DEc165A5d6e6766Fbc35c977f89535899D0411,74893,0xbc2d6E7c81E7f35473b3594031FCC4c519fD24Ad,0,0xa76483c1bc810fc7ad129af869439cf05c0b3004,1,249999990000000,57272633,142201,4936161,1743007073,0xf3aeb98bfe01467d16abd7c08802567c41dd9c5da067116b7640da84fe02a85d,NewSale
0xC0DEc165A5d6e6766Fbc35c977f89535899D0411,74777,0xbc2d6E7c81E7f35473b3594031FCC4c519fD24Ad,0,0x44a819b37b0520fbb5fdb5a8eddcddc5c2d3a22d,1,259999990000000,57174121,142201,4936173,1743007097,0x5a0beab63751ec7e0ba397dd422d9c4d906a5fe444962038c491d6347e287b62,NewSale
0xC0DEc165A5d6e6766Fbc35c977f89535899D0411,74893,0xbc2d6E7c81E7f35473b3594031FCC4c519fD24Ad,0,0xd86fe81216234808569028e7d953b68054931c0a,1,249999990000000,57261677,142201,4936174,1743007099,0x8eca507fbc17b6b8bd779ecabb7d1a611294b2240b8d45a888040ce76a15b763,NewSale
0xC0DEc165A5d6e6766Fbc35c977f89535899D0411,74893,0xbc2d6E7c81E7f35473b3594031FCC4c519fD24Ad,0,0x1ac40fcc665b5461b7f0c4123cfa0239f1e18752,1,249999990000000,57250000,142201,4936176,1743007103,0x4770f60c067a468af3917c2d264d1318148b668979754441b486f346bf580036,NewSale
0xce3a579ca0c159aDfC0381B3Aa8c6c70B040ED53,75355,0xbc2d6E7c81E7f35473b3594031FCC4c519fD24Ad,0,0x5344694b40fab396c93b2cbcf12ec3f5c6559d50,1,460000000000000,57310000,142201,4936188,1743007127,0xe4dcaea0340881c0e945ec859f101c26556ee22c0ec0b305e7ce8497ba2e63b4,NewSale
0xa3bDA7368e74810Cad60c0F16a98d7Df8C8B2eB6,75388,0xbc2d6E7c81E7f35473b3594031FCC4c519fD24Ad,0,0x44a819b37b0520fbb5fdb5a8eddcddc5c2d3a22d,1,236100000000000,57214114,140578,4936190,1743007131,0x342e4fafee448506adf0b8d715d64cb931995712e6cbf32362aaf82e26de4d1c,NewSale
0xce3a579ca0c159aDfC0381B3Aa8c6c70B040ED53,75355,0xbc2d6E7c81E7f35473b3594031FCC4c519fD24Ad,0,0x75283f6c9478c1a2ca7938e36950c48a891f01e6,1,460000000000000,57260000,140590,4936202,1743007155,0x1341872c99fec4b243821e9c7575cc052ed42d130d2e67ad68204e3cffdf57bc,NewSale
0xC0DEc165A5d6e6766Fbc35c977f89535899D0411,74893,0xbc2d6E7c81E7f35473b3594031FCC4c519fD24Ad,0,0x44a819b37b0520fbb5fdb5a8eddcddc5c2d3a22d,1,249999990000000,56931937,142201,4936208,1743007167,0x283d945182555f7c2d559a120e2f905c8c0491e8cf1feb66e544da697fbeb3ec,NewSale
0x78B1399170a2DF7B6C85BFEbe1edDDc67D8BA7c8,75387,0xbc2d6E7c81E7f35473b3594031FCC4c519fD24Ad,0,0x76a4a311adc186f6076e7076e296701fe236ae6a,1,250000000000000,56990576,135778,4936215,1743007181,0x553e18200b65d24ecfad7cb52746c7213bdcd49b4eb1302d3a7e12931e627ceb,NewSale
0xC0DEc165A5d6e6766Fbc35c977f89535899D0411,74893,0xbc2d6E7c81E7f35473b3594031FCC4c519fD24Ad,0,0xa76483c1bc810fc7ad129af869439cf05c0b3004,1,249999990000000,56487650,142201,4936217,1743007185,0xa3f608e24f446e2b651748549cad3ddce5508308bb18838293b1856739f705f9,NewSale
0xC0DEc165A5d6e6766Fbc35c977f89535899D0411,74893,0xbc2d6E7c81E7f35473b3594031FCC4c519fD24Ad,0,0x78b1399170a2df7b6c85bfebe1edddc67d8ba7c8,1,249999990000000,57000000,159301,4936225,1743007201,0x3ee92030fedb53a280f23c96e58b5b4a560974d62b7542af48d576f9d94815d2,NewSale
0xe380C37FCA92d7D545Cfc3661474347084E4B515,75389,0xbc2d6E7c81E7f35473b3594031FCC4c519fD24Ad,1,0x44a819b37b0520fbb5fdb5a8eddcddc5c2d3a22d,1,259000000000000,56120122,152878,4936230,1743007211,0xed728323cc46127de4cb263fa76f545def6c99baad288b983c3474f1e2198728,NewSale
0xa3bDA7368e74810Cad60c0F16a98d7Df8C8B2eB6,75391,0xbc2d6E7c81E7f35473b3594031FCC4c519fD24Ad,0,0x44a819b37b0520fbb5fdb5a8eddcddc5c2d3a22d,1,236200000000000,55342212,135778,4936243,1743007237,0xcc56bd7be23ce5559d4b83b7129c4d950946f5d750fa92aa36ee2867662f26c7,NewSale
0xC0DEc165A5d6e6766Fbc35c977f89535899D0411,74893,0xbc2d6E7c81E7f35473b3594031FCC4c519fD24Ad,0,0x78b1399170a2df7b6c85bfebe1edddc67d8ba7c8,1,249999990000000,56040000,142201,4936252,1743007255,0x761f3f16690cac2127014e149997f2db7f52970cfd7da032a04f9b3466045f7b,NewSale
0xC0DEc165A5d6e6766Fbc35c977f89535899D0411,74893,0xbc2d6E7c81E7f35473b3594031FCC4c519fD24Ad,0,0xa76483c1bc810fc7ad129af869439cf05c0b3004,1,249999990000000,51901426,142201,4936308,1743007367,0x6f9ddde3940288f28c62b2d8b0a9e517af11fcd6d19aec420eec42389e5ddf40,NewSale
0x1Ac40FcC665b5461B7f0c4123CFa0239f1e18752,75393,0xbc2d6E7c81E7f35473b3594031FCC4c519fD24Ad,0,0x78b1399170a2df7b6c85bfebe1edddc67d8ba7c8,1,249000000000000,52070000,140578,4936325,1743007401,0xe6678f62f222f9395bf03d39519e296b9cb85f881768fc2c75dbd34fcf5daf01,NewSale
0xa3bDA7368e74810Cad60c0F16a98d7Df8C8B2eB6,75402,0xbc2d6E7c81E7f35473b3594031FCC4c519fD24Ad,1,0x8fbfb39890510e2785d94faf14d783163c44b14f,1,237100000000000,50893204,152878,4936331,1743007413,0x6858a19eccd302438f98c942a61cbd04b110ec5acf10bf829185181c0965d909,NewSale
0x1Ac40FcC665b5461B7f0c4123CFa0239f1e18752,75404,0xbc2d6E7c81E7f35473b3594031FCC4c519fD24Ad,0,0xbfbca9b9229e9050cfc7a88ef87177d7deb0802b,1,249000000000000,51560000,140578,4936334,1743007419,0x557263cacea7a0c7402022cee05cf09bc722b298ea75f4f36a979f8d243bf3cd,NewSale
0xd86fe81216234808569028E7d953B68054931c0a,75405,0xbc2d6E7c81E7f35473b3594031FCC4c519fD24Ad,1,0xfacbab58d44f722c735c06e914e73e4d161bb86e,1,225000000000000,49809128,152878,4936357,1743007465,0x72459830682d522b3894bb0d5bf6e0486787e4c690f018cdf7381e8ceeecc5f6,NewSale
0x86bB7A3Fac280460042A2fe62e6f8E4BB2b69139,74945,0xdc0F91C5a4D200FfC21658901c77c0fE1A14d199,0,0x3f851484df1cd170f4e416e425a797ff39d89b42,1,630000000000000,49386544,167283,4936373,1743007497,0xc7d4598e82a3dfc9400427748260289c88939df7addce33203b04061610c95a9,NewSale
0xdDEE7338E62BE267aA970233733Ba2A3c802Ed50,75103,0xbc2d6E7c81E7f35473b3594031FCC4c519fD24Ad,0,0x5344694b40fab396c93b2cbcf12ec3f5c6559d50,1,266000000000000,58890000,140578,4936389,1743007529,0x348dd0743a970f849b849bec50cd2de067cc72b8968c9ff00e749a4dd9c9d768,NewSale
0x9C3ABf65130CB9b8E4D1f76E4a8158F658048aD3,75409,0xF4527A094c80C7eD9039Ed485d1AAb914b074A49,0,0xb63674bc975b96c4a89dc0661d8affbc9413c131,1,690000000000000,49660129,162483,4936409,1743007569,0x10c945ce0b2d668ebde70daabeb76ee3299892096f1e941514429eb68fba0a7b,NewSale
0x2065b7a05102C48A44CB985a1E1f466ac9cEE08C,75023,0xbc2d6E7c81E7f35473b3594031FCC4c519fD24Ad,0,0xccf0e15b30a94ffd36cd14f8ef5e812ced198e04,1,275000000000000,49150000,157678,4936451,1743007653,0xe885cee6a5636df7d688a42a04729f88d595dff45dae5795323b6359424adb47,NewSale
0xC0DEc165A5d6e6766Fbc35c977f89535899D0411,74893,0xbc2d6E7c81E7f35473b3594031FCC4c519fD24Ad,0,0x1e1fc678688dccbd2108c296b1c9107f950ad37a,1,249999990000000,49446343,142201,4936456,1743007663,0x78b64517d11c124bd53309be570dfecd61c626a306cb2064bca22450b30898dc,NewSale
0x2fa37438C814D7D14739b5660C57558a43faEda0,75400,0xbc2d6E7c81E7f35473b3594031FCC4c519fD24Ad,1,0x5344694b40fab396c93b2cbcf12ec3f5c6559d50,1,240000000000000,58670000,152866,4936459,1743007669,0xf26f79fa93b8ebf92dffa837d2cd1b10fe468ff544e955defa776e4ac835016c,NewSale
0x801b964097b99c5a2d95CD0F55f0dBfa53f9c78F,75410,0xbc2d6E7c81E7f35473b3594031FCC4c519fD24Ad,1,0x8fbfb39890510e2785d94faf14d783163c44b14f,1,240000000000000,49123553,135766,4936474,1743007699,0x989c298cc39ae2a6af96e68cd213ba495b5c8968212bb3272a98feff18c62dd9,NewSale
0x2065b7a05102C48A44CB985a1E1f466ac9cEE08C,75064,0xbc2d6E7c81E7f35473b3594031FCC4c519fD24Ad,0,0x6296a491c9356b13a392a892c0ed44a6b39fe7cb,1,275000000000000,49190000,157678,4936477,1743007705,0xbf48ea3397fa756bc6ff869c2c38269775de8da015ab2bdacfc519516e665593,NewSale
0x5d6364a6b4B657EAc4738379138E09d48d544289,75415,0xbc2d6E7c81E7f35473b3594031FCC4c519fD24Ad,1,0x5344694b40fab396c93b2cbcf12ec3f5c6559d50,1,240000000000000,59030000,135766,4936484,1743007719,0x33eaef9d732c0bdc7ac7fa8ce6b146c9e201733f1efe24a01210f703adfaa374,NewSale
0xeF0Ef28b882d166B732d00A01Ea762B9CCd3FE44,75412,0xbc2d6E7c81E7f35473b3594031FCC4c519fD24Ad,1,0x5344694b40fab396c93b2cbcf12ec3f5c6559d50,1,245000000000000,59030000,142189,4936503,1743007757,0x03cdba6a19e5ca74e35dacc665473458a221ec34d1ce4187a7f39560025d3769,NewSale
0x0A61DF41Dcf1f80742d2c76a7bdfCA0a3055a51e,73883,0xF4527A094c80C7eD9039Ed485d1AAb914b074A49,0,0xb63674bc975b96c4a89dc0661d8affbc9413c131,1,800000000000000,97158504,145371,4936504,1743007759,0x97841c07b8e46a67ebe7702a88467f8e66292fb2cb2a6e394f959242fd067dc2,NewSale
0x78B1399170a2DF7B6C85BFEbe1edDDc67D8BA7c8,75418,0xbc2d6E7c81E7f35473b3594031FCC4c519fD24Ad,0,0x93840c5bf4f00f73abe47d02be20aa368deff774,1,250000000000000,49190000,140578,4936508,1743007767,0x8b7db1c5042711bded2f44230375868ea334ca298d4eea4806bf79a1204ee3fb,NewSale
0xeF0Ef28b882d166B732d00A01Ea762B9CCd3FE44,75412,0xbc2d6E7c81E7f35473b3594031FCC4c519fD24Ad,1,0x2acad0b7b237f4f9c54537d8c6fdf1c6d6c2c976,1,245000000000000,49702326,159289,4936512,1743007775,0x80d3b32d9f98cf5456c4171438bad22426cc3588bd4bf58e373cd3d9be445eb6,NewSale
0xBC72B5BbC8509587E81bd9F208827ef20b7B7cEf,75419,0xbc2d6E7c81E7f35473b3594031FCC4c519fD24Ad,1,0x6296a491c9356b13a392a892c0ed44a6b39fe7cb,1,249000000000000,49680000,152878,4936525,1743007801,0x164326ddaf2d2ae80b1b4089e865bccc3feba68ef9a2ad0a139a6fc145c35a77,NewSale
0x1Ac40FcC665b5461B7f0c4123CFa0239f1e18752,75398,0xbc2d6E7c81E7f35473b3594031FCC4c519fD24Ad,0,0x5344694b40fab396c93b2cbcf12ec3f5c6559d50,1,249000000000000,60160000,140578,4936533,1743007817,0xea4383916993d2a648d02835eae792981e65c8afb25d1b454e8a5c151b718270,NewSale
0x5b31971BdE6a07eFbE68BC6658aF8a6333C73622,75417,0xbc2d6E7c81E7f35473b3594031FCC4c519fD24Ad,1,0x5344694b40fab396c93b2cbcf12ec3f5c6559d50,1,249000000000000,60470000,135778,4936559,1743007869,0xcb581e2a06110da8195e50166be9949dc0e2b3db90d5da59d5be1f310a3b47d7,NewSale
0xeF0Ef28b882d166B732d00A01Ea762B9CCd3FE44,75412,0xbc2d6E7c81E7f35473b3594031FCC4c519fD24Ad,1,0xeeb1de0066234916d7e8eb06ddf79fcebb7a3c47,1,245000000000000,50437528,159277,4936570,1743007891,0x8be4ede5bebf64ad010825b8475156929f45a46f69d666449b72e40e432d9db7,NewSale
0x78B1399170a2DF7B6C85BFEbe1edDDc67D8BA7c8,75414,0xbc2d6E7c81E7f35473b3594031FCC4c519fD24Ad,0,0x6296a491c9356b13a392a892c0ed44a6b39fe7cb,1,250000000000000,50500000,140578,4936571,1743007893,0xeb81b1389de21ba3a81d1dec9c99642eed635b438d13ff66860889e8c5908fd6,NewSale
0xC0DEc165A5d6e6766Fbc35c977f89535899D0411,74777,0xbc2d6E7c81E7f35473b3594031FCC4c519fD24Ad,0,0x5344694b40fab396c93b2cbcf12ec3f5c6559d50,1,259999990000000,60590000,142201,4936589,1743007929,0x87a892c3266b8983e27ee445509d6cac3b14d59cbe9f25e9d79a57f8aaa40719,NewSale
0xC0DEc165A5d6e6766Fbc35c977f89535899D0411,74779,0xbc2d6E7c81E7f35473b3594031FCC4c519fD24Ad,0,0x5344694b40fab396c93b2cbcf12ec3f5c6559d50,1,269999990000000,60220000,142201,4936634,1743008019,0xc0c25a422c640cfd4ff89bc922b3c6bcf352de67a461b3678fcbf603761261d5,NewSale
0xeF0Ef28b882d166B732d00A01Ea762B9CCd3FE44,75412,0xbc2d6E7c81E7f35473b3594031FCC4c519fD24Ad,1,0xeeb1de0066234916d7e8eb06ddf79fcebb7a3c47,1,245000000000000,50265255,142177,4936642,1743008035,0x1e5344b5375d495f4ad4ec24a33df8d882ce503d489d3b35df308d716814a4c9,NewSale
0x2065b7a05102C48A44CB985a1E1f466ac9cEE08C,75194,0xbc2d6E7c81E7f35473b3594031FCC4c519fD24Ad,0,0x5344694b40fab396c93b2cbcf12ec3f5c6559d50,1,275000000000000,52330000,140578,4936655,1743008061,0x813bfb485cb06ccfcd636cd62c0e0561a80ce33ae2188cd959fde29b4511a6a9,NewSale
0xC0DEc165A5d6e6766Fbc35c977f89535899D0411,74893,0xbc2d6E7c81E7f35473b3594031FCC4c519fD24Ad,0,0x93840c5bf4f00f73abe47d02be20aa368deff774,1,249999990000000,50190000,142201,4936658,1743008067,0x5f43227860b581aaf3132b371f9c85bda391d33540e164028dd88a749474dc82,NewSale
0x46Ee274968ca253E947BD69c8442E86a5d13AfA4,75425,0xbc2d6E7c81E7f35473b3594031FCC4c519fD24Ad,1,0x5344694b40fab396c93b2cbcf12ec3f5c6559d50,1,249000000000000,53170000,135778,4936679,1743008109,0x8f9b0553e9e6820a903d7f1a042e82e21badb71e2a37d0246b5cf9596d30e1f3,NewSale
0x37C9a72f7699dF5270a8C409411391F2df0EcC94,74819,0x02e21A25F0038fa5BDEe9c0b77aC0c1E84d3d6f0,1884,0x2acad0b7b237f4f9c54537d8c6fdf1c6d6c2c976,1,400000000000000,50765078,155246,4936683,1743008117,0xe7f4eb6293ad380b8a93a196dbb304c09d825ebcfdfcbc999587c169b9b8698c,NewSale
0x78B1399170a2DF7B6C85BFEbe1edDDc67D8BA7c8,75421,0xbc2d6E7c81E7f35473b3594031FCC4c519fD24Ad,0,0x93840c5bf4f00f73abe47d02be20aa368deff774,1,250000000000000,50920000,135778,4936701,1743008153,0x2b78f3eec061856adcbcf9e9c281b6b8a7988ae7305733cdfb0a3200fb5dae6f,NewSale
0xC0DEc165A5d6e6766Fbc35c977f89535899D0411,74777,0xbc2d6E7c81E7f35473b3594031FCC4c519fD24Ad,0,0x93840c5bf4f00f73abe47d02be20aa368deff774,1,259999990000000,49750000,142201,4936782,1743008315,0xe99d39a3a59c98ec4cea76572fdb7932108b37362d6fd98ef60d5f640eabbaf9,NewSale
0xbAa9672503be4067CCc6eBB08BEe52af3e0b3b4C,74073,0x2Bf46D4497e98FbA2304B0d2453922FFf559Ea02,59,0x236812ff178f2da418b8e238dfe068687cb2848b,1,599900000000000,49414404,164783,4936821,1743008393,0x9b56cde4f07e5e069d6447c315e4d833b082fe2153c01e0b503dc1b9d9ceeaa5,NewSale
0x9C3ABf65130CB9b8E4D1f76E4a8158F658048aD3,75392,0x0c951D9e6EC40FB01007AA8463a98a4C8829874d,0,0xb63674bc975b96c4a89dc0661d8affbc9413c131,1,790000000000000,97553416,162483,4936854,1743008459,0x143755351a32f6238fc2c66b37899b2097a746212190c4b0b222fd3f5a9deb5b,NewSale
0xeF0Ef28b882d166B732d00A01Ea762B9CCd3FE44,75403,0xbc2d6E7c81E7f35473b3594031FCC4c519fD24Ad,1,0xaab6a03b9d6d5ee3ad99d0c4947ed5beaf2a19b4,1,245000000000000,50040000,159289,4936875,1743008501,0x3a694965e9a6350a87db34f5e19fc173b38a62f82c9f1e558b03fcce360aae97,NewSale
0x76a4A311Adc186F6076e7076E296701fe236ae6a,75438,0xbc2d6E7c81E7f35473b3594031FCC4c519fD24Ad,0,0x1e3d1a87888e369134b96b6cdd7b1a05ff458ea7,1,200000000000000,50180000,140578,4936889,1743008529,0x420e0171099e68376490c191e80cebff68277f86a24cf17067efe82195de379f,NewSale
0xA8F02C6B221d01F8a6d8adBC88A5F85b8569CD8E,74975,0x02e21A25F0038fa5BDEe9c0b77aC0c1E84d3d6f0,1719,0x236812ff178f2da418b8e238dfe068687cb2848b,1,400000000000000,49606349,155246,4936920,1743008591,0x071e6ffcbebe910d0a7a3c96cd8f53a484763f16d8b6dd5ecf46df2cf46350e7,NewSale
0x8FbFB39890510e2785d94fAf14D783163C44B14F,75440,0xbc2d6E7c81E7f35473b3594031FCC4c519fD24Ad,1,0x142137a7641eddbbb8dbaba04ecf0e366a32453a,1,200000000000000,53648601,157678,4936948,1743008647,0xdca18fbfafa566e3a99cf6eee6834f17e002358251116c4baff5af473b7d7bc5,NewSale
0x8FbFB39890510e2785d94fAf14D783163C44B14F,75441,0xbc2d6E7c81E7f35473b3594031FCC4c519fD24Ad,1,0xfad5098dbd9fdff3e25151a13e8e40396aa0cf3f,1,200000000000000,98121485,157678,4936988,1743008727,0x1901c5793edf9a28ab61af36066459eb21f26b053c049a23e5a68dd2dcc388a4,NewSale
0x4CBB01E73b17fE7cb0AF601A532ecEcAf9A1e736,75423,0xbc2d6E7c81E7f35473b3594031FCC4c519fD24Ad,1,0x8fbfb39890510e2785d94faf14d783163c44b14f,1,240000000000000,98136381,135766,4936992,1743008735,0x001d1052fea22f1443de0dea8d1c87da798e329883f5839ba3b99d33cb24237a,NewSale
0x8FbFB39890510e2785d94fAf14D783163C44B14F,75444,0xbc2d6E7c81E7f35473b3594031FCC4c519fD24Ad,0,0xfad5098dbd9fdff3e25151a13e8e40396aa0cf3f,1,230000000000000,53911124,135778,4937007,1743008765,0x87cd621e9b588f019fbaea4fdf98443cf3b8438954f7b7956fa94366d360a5e6,NewSale
0x1Ac40FcC665b5461B7f0c4123CFa0239f1e18752,75406,0xbc2d6E7c81E7f35473b3594031FCC4c519fD24Ad,0,0x8fbfb39890510e2785d94faf14d783163c44b14f,1,249000000000000,54028856,152878,4937010,1743008771,0xb8fc5d766c233ce77810cfcaecc755a48b294ef9081cc0abfeb5e36c587ac903,NewSale
0x9A8a11025df3F8424DbDa33cd1E046aBE9ABB809,75057,0xDfC21bE7cC791a5f03A95E836D385bBC6d7dF384,1280,0xb63674bc975b96c4a89dc0661d8affbc9413c131,1,1400000000000000,98651139,150458,4937015,1743008781,0xffecf1452787175a03b1a113f25dea7da0210ab70d24a28fe120aa4ddce7fb3c,NewSale
0xeFe831d3F3e5421496e8Bec5F22A05Bd73C11F08,75420,0xbc2d6E7c81E7f35473b3594031FCC4c519fD24Ad,1,0xfad5098dbd9fdff3e25151a13e8e40396aa0cf3f,1,240000000000000,54263835,135766,4937032,1743008815,0x66320996b2e8eac21e45be75abeee1b35e8876e50a1e0e7ec7b0e06c7c425a72,NewSale
0xA8F02C6B221d01F8a6d8adBC88A5F85b8569CD8E,74989,0xDfC21bE7cC791a5f03A95E836D385bBC6d7dF384,1283,0xb63674bc975b96c4a89dc0661d8affbc9413c131,1,1500000000000000,54090520,138158,4937050,1743008851,0x944fe307ecec5994b673d7fdb5eabe7556984d332ff45b515b2756b49215dd20,NewSale
0xeF0Ef28b882d166B732d00A01Ea762B9CCd3FE44,75403,0xbc2d6E7c81E7f35473b3594031FCC4c519fD24Ad,1,0xfad5098dbd9fdff3e25151a13e8e40396aa0cf3f,1,245000000000000,54256307,142189,4937059,1743008869,0xda241872b051b016a0ee7a8dcc0cd20ba827b089a2ff772838ccc91dbb9f2af1,NewSale
0xeF0Ef28b882d166B732d00A01Ea762B9CCd3FE44,75403,0xbc2d6E7c81E7f35473b3594031FCC4c519fD24Ad,1,0xfad5098dbd9fdff3e25151a13e8e40396aa0cf3f,1,245000000000000,53834172,142189,4937083,1743008917,0xba99b9038ffe20450ebb78f3f21769366c943e9ec0eaff2613a746aa79d3f452,NewSale
0x87C57596391806905Cc4DAF41E74CFFC2cc9e83F,75427,0xbc2d6E7c81E7f35473b3594031FCC4c519fD24Ad,1,0xaab6a03b9d6d5ee3ad99d0c4947ed5beaf2a19b4,1,249000000000000,50250000,135778,4937084,1743008919,0x91d7a9c641656fa8d79bee2eba6760e8caf7905723681c698ed8b4a6c95686d1,NewSale
0xeF0Ef28b882d166B732d00A01Ea762B9CCd3FE44,75412,0xbc2d6E7c81E7f35473b3594031FCC4c519fD24Ad,1,0xeeb1de0066234916d7e8eb06ddf79fcebb7a3c47,1,245000000000000,50237953,142177,4937123,1743008997,0x10c5cfc9823c0006c82853f5d49b91ac7d2fe1ff562909fda9e02431f642e6d9,NewSale
0x8A50dEB4AA603BdbDeA9c99e204518cA23b71D2a,75325,0xdc0F91C5a4D200FfC21658901c77c0fE1A14d199,0,0x1e20821825f87fa4db86b79292ddea0d1b54d951,1,620000000000000,50003164,167283,4937134,1743009019,0x23b39e57c243afa2a3474d63fb150c950be0ae8bffaee2fa2ee2ea9dbfca4ea7,NewSale
0xeF0Ef28b882d166B732d00A01Ea762B9CCd3FE44,75412,0xbc2d6E7c81E7f35473b3594031FCC4c519fD24Ad,1,0xeeb1de0066234916d7e8eb06ddf79fcebb7a3c47,1,245000000000000,50012453,142177,4937149,1743009049,0x9b2c816499426579a2e43b38512ae382cdffcf9b0de88893848bc39f53ee33ea,NewSale
0x8FbFB39890510e2785d94fAf14D783163C44B14F,75442,0xbc2d6E7c81E7f35473b3594031FCC4c519fD24Ad,1,0xeeb1de0066234916d7e8eb06ddf79fcebb7a3c47,1,200000000000000,50066677,140566,4937169,1743009089,0x9316dd768f97a03f9ced631ca3213a282b483c01c1d492a5bff8601d0c85c8d8,NewSale
0xA8F02C6B221d01F8a6d8adBC88A5F85b8569CD8E,74990,0xDfC21bE7cC791a5f03A95E836D385bBC6d7dF384,1282,0xb63674bc975b96c4a89dc0661d8affbc9413c131,1,1500000000000000,99295914,138158,4937170,1743009091,0x8475b603db33fb701219fadcabc913d33927bdb1ca2639d672b5600dcb901c3a,NewSale
0x142137A7641EdDBbb8DbABa04ecf0e366a32453A,75455,0xbc2d6E7c81E7f35473b3594031FCC4c519fD24Ad,1,0x64d2cdbf5a2bea65ba387115bda694b624e35ee2,1,200000000000000,100000000,152878,4937199,1743009149,0xca8412b512e62d39be45c5b2079992ec42ea78aa004d8c8e58ece57f9847c4ba,NewSale
0xeF0Ef28b882d166B732d00A01Ea762B9CCd3FE44,75403,0xbc2d6E7c81E7f35473b3594031FCC4c519fD24Ad,1,0xeeb1de0066234916d7e8eb06ddf79fcebb7a3c47,1,245000000000000,50666857,142177,4937224,1743009199,0x2857548aa49d897afe008df67254a72476940095ffe6a2ce3c9109544d5474fe,NewSale
0xE4f4BaEd82d30f2244fE1722aeda37dEF4B38Ddc,75431,0xdc0F91C5a4D200FfC21658901c77c0fE1A14d199,0,0x8064a89b8aea9352baa89fd8dfd0c7d4bb216750,1,630000000000000,50570908,150183,4937228,1743009207,0xe5233508aef89dd991ada36a6be7dc8fc8bae53ac98767ca00e0276637ec9db8,NewSale
0xeF0Ef28b882d166B732d00A01Ea762B9CCd3FE44,75403,0xbc2d6E7c81E7f35473b3594031FCC4c519fD24Ad,1,0xeeb1de0066234916d7e8eb06ddf79fcebb7a3c47,1,245000000000000,50653811,142177,4937256,1743009263,0xb60944c4fe5c015ffc6654784cd3d251547f2033a50472cc5420ddc868c8d527,NewSale
0xC0DEc165A5d6e6766Fbc35c977f89535899D0411,74893,0xbc2d6E7c81E7f35473b3594031FCC4c519fD24Ad,0,0x142137a7641eddbbb8dbaba04ecf0e366a32453a,1,249999990000000,50809685,159301,4937270,1743009291,0xe3ffe2e4c9d90b29e915531c96301ddc4d1d95a55b638863c519c5cb07cb1533,NewSale
0xeF0Ef28b882d166B732d00A01Ea762B9CCd3FE44,75403,0xbc2d6E7c81E7f35473b3594031FCC4c519fD24Ad,1,0xeeb1de0066234916d7e8eb06ddf79fcebb7a3c47,1,245000000000000,50301524,142177,4937282,1743009315,0xa59e34d609ee58474db1953d3bb71961799e28e1e92b6974e287393d77c1ade5,NewSale
0xC0DEc165A5d6e6766Fbc35c977f89535899D0411,74777,0xbc2d6E7c81E7f35473b3594031FCC4c519fD24Ad,0,0xd08c59e5a870b733ce012d12a0bafcad29b44ce6,1,259999990000000,50660000,142201,4937308,1743009367,0xdb7e07d06c7a4109ad6dcc839352397f89359362242e0bfa592fa4a0a120e8e8,NewSale
0x8FbFB39890510e2785d94fAf14D783163C44B14F,75460,0xbc2d6E7c81E7f35473b3594031FCC4c519fD24Ad,0,0xd08c59e5a870b733ce012d12a0bafcad29b44ce6,1,240000000000000,51040000,135766,4937333,1743009417,0x47831c4da6007d6797780b5b83a04f171e8a0399340676dc88aab0853f9c29f9,NewSale
0xC0DEc165A5d6e6766Fbc35c977f89535899D0411,74893,0xbc2d6E7c81E7f35473b3594031FCC4c519fD24Ad,0,0xd08c59e5a870b733ce012d12a0bafcad29b44ce6,1,249999990000000,50980000,142201,4937357,1743009465,0xde96c02eec81767730ddb9525a0935e8ca24355116baa64aecade4281b0ca0e5,NewSale
0x93840C5BF4F00F73ABE47D02bE20AA368dEFF774,75453,0xbc2d6E7c81E7f35473b3594031FCC4c519fD24Ad,0,0x9c631e05bdcd5ea199a315f9d9724a2c543d7f96,1,290000000000000,99490665,140590,4937370,1743009491,0xcda2b7f7909dfde5df982502d7806d42ae55c675543a4e8439eaba073b762e10,NewSale
0xC0DEc165A5d6e6766Fbc35c977f89535899D0411,74893,0xbc2d6E7c81E7f35473b3594031FCC4c519fD24Ad,0,0xd08c59e5a870b733ce012d12a0bafcad29b44ce6,1,249999990000000,50520000,142201,4937388,1743009527,0x36a04235cd6a004526458c5d3c38c9ab99bf06bb9fb09511e1b050a4bafde602,NewSale
0xbAa9672503be4067CCc6eBB08BEe52af3e0b3b4C,75385,0x2Bf46D4497e98FbA2304B0d2453922FFf559Ea02,81,0x2acad0b7b237f4f9c54537d8c6fdf1c6d6c2c976,1,599900000000000,50567657,164783,4937394,1743009539,0x877bad3a68a966a7b9d51c9b592e9202413ff0ae1c2f7dd043219b5d37effb73,NewSale
0xC0DEc165A5d6e6766Fbc35c977f89535899D0411,74893,0xbc2d6E7c81E7f35473b3594031FCC4c519fD24Ad,0,0xd08c59e5a870b733ce012d12a0bafcad29b44ce6,1,249999990000000,50520000,142201,4937408,1743009567,0xc4fd5b1bd88aab6cb2c5ce06cac41d99b0ad2da12e35538ab2ac35258b014c9d,NewSale
0xC0DEc165A5d6e6766Fbc35c977f89535899D0411,74893,0xbc2d6E7c81E7f35473b3594031FCC4c519fD24Ad,0,0xd08c59e5a870b733ce012d12a0bafcad29b44ce6,1,249999990000000,50470000,142201,4937431,1743009613,0x826d44363a72d821110321d20f9b5c4ef75cd4b14b2fb855e00e0480b339562b,NewSale
0xC0DEc165A5d6e6766Fbc35c977f89535899D0411,74893,0xbc2d6E7c81E7f35473b3594031FCC4c519fD24Ad,0,0xd08c59e5a870b733ce012d12a0bafcad29b44ce6,1,249999990000000,50390000,142201,4937463,1743009677,0xca6f556d9bf00f747b1f9faceea914316712277c59a26f101ca63a275065105f,NewSale
0x0E50aC716f64aB2b97610dbea33eA9CaD6280814,75462,0x02e21A25F0038fa5BDEe9c0b77aC0c1E84d3d6f0,1872,0x13da30997b2dff7d99b820e6a8fc371080577520,1,450000000000000,98713438,150458,4937467,1743009685,0x033c92f56e6c788aa8d4ec42c452596d6c8ec8486da5b152cddab62794d87f5d,NewSale
0xC0DEc165A5d6e6766Fbc35c977f89535899D0411,74893,0xbc2d6E7c81E7f35473b3594031FCC4c519fD24Ad,0,0xd08c59e5a870b733ce012d12a0bafcad29b44ce6,1,249999990000000,50390000,142201,4937491,1743009733,0xe32d169c9755c12c4ce52bac12971434f0f6ccc923d1aa0fc70d8f3c82824ca1,NewSale
0xC0DEc165A5d6e6766Fbc35c977f89535899D0411,74893,0xbc2d6E7c81E7f35473b3594031FCC4c519fD24Ad,0,0xd08c59e5a870b733ce012d12a0bafcad29b44ce6,1,249999990000000,50520000,142201,4937520,1743009791,0x264c050e47d60b776434bbead319cfe3d0590893a1a7bee303d7069ac4d1f5c4,NewSale
0xC0DEc165A5d6e6766Fbc35c977f89535899D0411,74893,0xbc2d6E7c81E7f35473b3594031FCC4c519fD24Ad,0,0xd08c59e5a870b733ce012d12a0bafcad29b44ce6,1,249999990000000,50390000,142201,4937543,1743009837,0x83d2053c5d3f7555c9cf512db6d909458c61630b5ba914b8857772130eeec9ed,NewSale
0xeb418E53EFcDc351137C9A81c70967b8D7063f4C,74016,0x7e5F161dd824d98AC3474eBf550716d0cb83E8C6,0,0x2acad0b7b237f4f9c54537d8c6fdf1c6d6c2c976,1,500000000000000,49783386,164783,4937556,1743009863,0x0e5f0db757fa6330ff36a747bf27865e1077fba740d92fdd9e9982ee634d02ec,NewSale
0x142137A7641EdDBbb8DbABa04ecf0e366a32453A,75466,0xbc2d6E7c81E7f35473b3594031FCC4c519fD24Ad,0,0xd08c59e5a870b733ce012d12a0bafcad29b44ce6,1,240000000000000,50390000,135766,4937570,1743009891,0x94ebdb574fee93881416b33ce3956a490e119de30efc92a4cf35c38e091edb57,NewSale
0x8FbFB39890510e2785d94fAf14D783163C44B14F,75465,0xbc2d6E7c81E7f35473b3594031FCC4c519fD24Ad,1,0xaab6a03b9d6d5ee3ad99d0c4947ed5beaf2a19b4,1,240000000000000,50390000,135766,4937609,1743009969,0xf842bb7b16fa25aecbfbd36b60ad786fcc1d1d89d01d1972f1fce676d2eca680,NewSale
0xeF0Ef28b882d166B732d00A01Ea762B9CCd3FE44,75403,0xbc2d6E7c81E7f35473b3594031FCC4c519fD24Ad,1,0xed97ab61f1fa19691c6a07be05712210aeda79aa,1,245000000000000,50620000,159289,4937630,1743010011,0x6e0cf3d71efddfc88ab24892dbb88bb870d24e84e4aa5a6579448d45a13f7e72,NewSale
0x93840C5BF4F00F73ABE47D02bE20AA368dEFF774,75457,0xbc2d6E7c81E7f35473b3594031FCC4c519fD24Ad,0,0x9c631e05bdcd5ea199a315f9d9724a2c543d7f96,1,300000000000000,98639224,140590,4937659,1743010069,0x9c3ed21e305edff5a3fc16d2032141cf4088f4aee4cc73afd3e53d9dc482914d,NewSale
0xc5578aF8EE38069E7ad67b9b9718c8BD75C294b7,75395,0xbc2d6E7c81E7f35473b3594031FCC4c519fD24Ad,1,0xccf0e15b30a94ffd36cd14f8ef5e812ced198e04,1,259000000000000,50600000,152878,4937694,1743010139,0x276ae3cc194be934c615876598f4bd058d75247e818634dcb0b3a94b48756f8a,NewSale
0x2065b7a05102C48A44CB985a1E1f466ac9cEE08C,75204,0xbc2d6E7c81E7f35473b3594031FCC4c519fD24Ad,0,0xccf0e15b30a94ffd36cd14f8ef5e812ced198e04,1,275000000000000,50610000,140578,4937710,1743010171,0xf7e8be6b63449366929d1ead3f16d3234b69f38f5155b4db1feeab1e2d9eb2ce,NewSale
0x2065b7a05102C48A44CB985a1E1f466ac9cEE08C,75218,0xbc2d6E7c81E7f35473b3594031FCC4c519fD24Ad,0,0xccf0e15b30a94ffd36cd14f8ef5e812ced198e04,1,275000000000000,50640000,140578,4937729,1743010209,0xa1446b67b6467c8ed10e6acc4afde15f1802951d215e530090b6b2fd1f28272e,NewSale
0x236812fF178F2DA418B8E238dFE068687cb2848b,75450,0x2Bf46D4497e98FbA2304B0d2453922FFf559Ea02,59,0xb1c2da51868bb6496bb83f67e8467a8ca01d0dd6,1,580000000000000,56018931,162483,4937748,1743010247,0x018a839147e86329fe3033adcae5de20dc01f29770ec80ff8f59f426df7827ba,NewSale
0xeF0Ef28b882d166B732d00A01Ea762B9CCd3FE44,75412,0xbc2d6E7c81E7f35473b3594031FCC4c519fD24Ad,1,0xed97ab61f1fa19691c6a07be05712210aeda79aa,1,245000000000000,50600000,142189,4937749,1743010249,0x4163dbbc60ea58a41bb6a727fe2eca1c41019e0d917878c65aa7a67d0b53dff6,NewSale
0xD2F3c4F16559b9DD144A922ee673e2484adcF626,75401,0xbc2d6E7c81E7f35473b3594031FCC4c519fD24Ad,1,0xccf0e15b30a94ffd36cd14f8ef5e812ced198e04,1,259000000000000,50600000,135778,4937752,1743010255,0x710d0df48db3db2bfff0ce69a221520054751651ede4a31d5bbc4fed3c0b71c1,NewSale
0x446dED6b680Fb337E9A4d9cAf3A21E89A7457981,75251,0xdc0F91C5a4D200FfC21658901c77c0fE1A14d199,0,0x7faf977c9a1b0f9bab443a291a5c97c5a02c284f,1,650000000000000,98910260,150183,4937763,1743010277,0x12bed50e7ea52a48b9ea6b21a5b9b4361c2803e601b40eccd1d49143378b0ac4,NewSale
0xeb418E53EFcDc351137C9A81c70967b8D7063f4C,75461,0x7e5F161dd824d98AC3474eBf550716d0cb83E8C6,0,0x94e23585b4eda0f609de06c03943599cac861183,1,500000000000000,50094974,164783,4937770,1743010291,0x8c60b90253a116f55cb691728d2a47a9e687d849992eb0ca17160855b23e7731,NewSale
0xbAa9672503be4067CCc6eBB08BEe52af3e0b3b4C,75363,0x2Bf46D4497e98FbA2304B0d2453922FFf559Ea02,88,0xd54e6cf19c85148c14493197a0bf1a06ff949e6c,1,33000000000000000000,49681266,186930,4937800,1743010351,0x722b4ac1b80e49c9473c01a88a18fbc519104484bf6897db8d7b6eb8d3d27d40,NewSale
0x526D98B28f9e64957FfB0328543ED6C7A03c3C49,75205,0xDfC21bE7cC791a5f03A95E836D385bBC6d7dF384,1284,0xb63674bc975b96c4a89dc0661d8affbc9413c131,1,1500000000000000,98563170,133358,4937843,1743010437,0x2d27d091b62376e182940610df82aaa46725204f273126f5a3b62fec4c637345,NewSale
0xeb418E53EFcDc351137C9A81c70967b8D7063f4C,75472,0x7e5F161dd824d98AC3474eBf550716d0cb83E8C6,0,0xaab6a03b9d6d5ee3ad99d0c4947ed5beaf2a19b4,1,500000000000000,50130000,164783,4937846,1743010443,0x328edb4aea6f796e8697237bf06749d78c7329d475880a18c6756c2dd4abdf85,NewSale
0x80fe121B69163E17bd4e9CC573652e29E48fa4ae,67365,0xDfC21bE7cC791a5f03A95E836D385bBC6d7dF384,723,0xb63674bc975b96c4a89dc0661d8affbc9413c131,1,1990000000000000,98947025,138158,4937864,1743010479,0x4b20aa734b0ef5b4ed0f07837659065b414a6756e3e0e2dc3c0c2fef39418248,NewSale
0x236812fF178F2DA418B8E238dFE068687cb2848b,75447,0x02e21A25F0038fa5BDEe9c0b77aC0c1E84d3d6f0,1719,0xaab6a03b9d6d5ee3ad99d0c4947ed5beaf2a19b4,1,390000000000000,50340000,150458,4937913,1743010577,0x61d3e059d4be4c21a84bf1e32ea9507a042eddbd85a0659a8f3b7189ec412e7f,NewSale
0xeF0Ef28b882d166B732d00A01Ea762B9CCd3FE44,75412,0xbc2d6E7c81E7f35473b3594031FCC4c519fD24Ad,1,0xffcd3948a8e414d6d565d4f87612c01a1053f2ed,1,245000000000000,50616037,159289,4937941,1743010633,0x0a485bab453fd0e627d277ab5d38e697d5f0a2ec4de97449ad23e196dbeb3ec7,NewSale
0xC0DEc165A5d6e6766Fbc35c977f89535899D0411,74893,0xbc2d6E7c81E7f35473b3594031FCC4c519fD24Ad,0,0x142137a7641eddbbb8dbaba04ecf0e366a32453a,1,249999990000000,99484382,159301,4937942,1743010635,0xb6e99433549aef1a8c12e424cb56d562a7712f55108b79a7e8b7dc1c348f71e6,NewSale
0xD510e6A2d2042fB37797cA56081ed7d5DC3979F7,75407,0xbc2d6E7c81E7f35473b3594031FCC4c519fD24Ad,1,0xed97ab61f1fa19691c6a07be05712210aeda79aa,1,249000000000000,50860000,135778,4937982,1743010715,0x913f3ca48344e3e9facc34f53e9642426cb485cc3aae4ed0396b04eef7711844,NewSale
0x230bFf75310590b1Ac4B5Fd4fb34A7cee8282Ea9,71401,0x6aD26D68bFf8cAD6bAaeA257832854e58B08150E,4,0x67c03e1344556606daafe0477adcfd3b348e4813,1,600000000000000,50860000,164783,4938016,1743010783,0x10fbbe9c7d7841101ff9f9d5ccfec57518dc3762041ecb4d9f81a8fe3d96547c,NewSale
0xCCF0E15b30a94FfD36cd14F8ef5E812CED198e04,75481,0xbc2d6E7c81E7f35473b3594031FCC4c519fD24Ad,1,0x484db6ccf8020747c878662db8d741437c7dd3b8,1,400000000000000,50280000,140578,4938035,1743010821,0xc80d2c920fa0a4c49c3a680a5402e2ed96678d1fc09994117ea4dc866e8f310d,NewSale
0x230bFf75310590b1Ac4B5Fd4fb34A7cee8282Ea9,71403,0x6aD26D68bFf8cAD6bAaeA257832854e58B08150E,2,0x67c03e1344556606daafe0477adcfd3b348e4813,1,600000000000000,50460000,164783,4938039,1743010829,0xce25c4db861b9d168b50ccb88646984f26aa3acb03c80839aa17544125f56a28,NewSale
0x230bFf75310590b1Ac4B5Fd4fb34A7cee8282Ea9,71404,0x6aD26D68bFf8cAD6bAaeA257832854e58B08150E,1,0x67c03e1344556606daafe0477adcfd3b348e4813,1,600000000000000,49880000,164783,4938076,1743010903,0x8a511a6873e777033a2f033ee21b7dd42147dac32739e75ddce625fe39fd7af3,NewSale
0xeF0Ef28b882d166B732d00A01Ea762B9CCd3FE44,75403,0xbc2d6E7c81E7f35473b3594031FCC4c519fD24Ad,1,0xa8f095f7dc739f5a769a87691e511888a5e70694,1,245000000000000,49270000,159289,4938091,1743010933,0xb30a8262d5ae3e09f5e76efa4a0e0c94baba1220b0afad0eb245de34f41836f9,NewSale
0xCCF0E15b30a94FfD36cd14F8ef5E812CED198e04,75475,0xbc2d6E7c81E7f35473b3594031FCC4c519fD24Ad,0,0x64b7497e8ab87d5b61b6b9149ea9459f47112bc2,1,400000000000000,48800000,140578,4938101,1743010953,0xe41f8cfe85b30b60a2fcbd993ac903cdc9cd90157cdb9d53e0be5d9c97c0bd61,NewSale
0xC0DEc165A5d6e6766Fbc35c977f89535899D0411,74786,0xbc2d6E7c81E7f35473b3594031FCC4c519fD24Ad,0,0x2ece059fb9f8e573f9e3e4f45daf41b90019caa8,1,265000000000000,48490000,142177,4938131,1743011013,0xdd72d2098b54c7046697013c4c77b11bd90ffe20d05a26d4a6504300ee8246f3,NewSale
0x7279764164F24b72065E58232bAbae4ae8EC1746,75489,0xbc2d6E7c81E7f35473b3594031FCC4c519fD24Ad,1,0xd54e6cf19c85148c14493197a0bf1a06ff949e6c,1,249000000000000,47427944,152878,4938157,1743011065,0xc8354e41f2a810f5bdeaab1d004eaa200fb4e5ebd18a8a792ae77a1314c9ba6f,NewSale
0x230bFf75310590b1Ac4B5Fd4fb34A7cee8282Ea9,71405,0x6aD26D68bFf8cAD6bAaeA257832854e58B08150E,0,0x67c03e1344556606daafe0477adcfd3b348e4813,1,600000000000000,47340000,164783,4938183,1743011117,0xa0452f20392451e640ab387a7c14078e61b97f55ab84390ec574ebf5f4d64a9b,NewSale
0x230bFf75310590b1Ac4B5Fd4fb34A7cee8282Ea9,71408,0x6aD26D68bFf8cAD6bAaeA257832854e58B08150E,9,0x67c03e1344556606daafe0477adcfd3b348e4813,1,600000000000000,46960000,164783,4938203,1743011157,0x2b822f4665c83da8e96bb8e77a8e66bee3712b0ec0a5bddc54eeac48a824075c,NewSale
0xeF0Ef28b882d166B732d00A01Ea762B9CCd3FE44,75412,0xbc2d6E7c81E7f35473b3594031FCC4c519fD24Ad,1,0xac9c7b6cd8b7d9da658132cdc14e424329a06984,1,245000000000000,57615543,159289,4938210,1743011171,0xacc594dd2687bb7487df71f8f4ea0ecc4db80be4720cae86f0ca95c01b426257,NewSale
0x44dC22EB64241148Db8De4Bc2293fa5248F02474,75485,0xbc2d6E7c81E7f35473b3594031FCC4c519fD24Ad,1,0xd54e6cf19c85148c14493197a0bf1a06ff949e6c,1,249000000000000,46631638,135778,4938213,1743011177,0xc3c6ad74056184d6bf10bd2e4ad70f753ad195494c13dc1e57352ded05e3144e,NewSale
0xeF0Ef28b882d166B732d00A01Ea762B9CCd3FE44,75412,0xbc2d6E7c81E7f35473b3594031FCC4c519fD24Ad,1,0xed97ab61f1fa19691c6a07be05712210aeda79aa,1,245000000000000,46750000,140578,4938214,1743011179,0x56d791ba2ecb07f0cedf43f7f0a2fef4f42ec9827628826a756e1d141acd94ce,NewSale
0x230bFf75310590b1Ac4B5Fd4fb34A7cee8282Ea9,71409,0x6aD26D68bFf8cAD6bAaeA257832854e58B08150E,8,0x67c03e1344556606daafe0477adcfd3b348e4813,1,600000000000000,46550000,164783,4938225,1743011201,0xae81f203caca496f018266587c75059906c65995f2ecea058ef16fd0c106b4be,NewSale
0x0CDEB6E372527F6926B2F3Ab846B6E4Cd6de8090,75491,0xdc0F91C5a4D200FfC21658901c77c0fE1A14d199,0,0xa78a9b97642979aa771194d4a8bb607d64dfa34b,1,550000000000000,46457799,167283,4938228,1743011207,0x53740c2859810b02ea5bf6fb6ecc7dd23ba39f052719394785d9e08b3a3e8e74,NewSale
0x3B4203e0048d8EB3D904A03A37c68162056A939C,75484,0xbc2d6E7c81E7f35473b3594031FCC4c519fD24Ad,1,0xac9c7b6cd8b7d9da658132cdc14e424329a06984,1,249000000000000,57615543,135778,4938231,1743011213,0x31e502accde8400dae7a9bfd6cd721aadb8d6aac0d40e15b0a07ffb08d6aba00,NewSale
0xA1C16D3Ca1E662BB79ed774B91e785E25206D2Ab,75411,0xbc2d6E7c81E7f35473b3594031FCC4c519fD24Ad,1,0xed97ab61f1fa19691c6a07be05712210aeda79aa,1,249000000000000,46630000,135778,4938232,1743011215,0x4993c446ff751f7c6ba503f889bfa1f9a38e282228a9d05c9b7a547551c72020,NewSale
0x230bFf75310590b1Ac4B5Fd4fb34A7cee8282Ea9,71410,0x6aD26D68bFf8cAD6bAaeA257832854e58B08150E,7,0x67c03e1344556606daafe0477adcfd3b348e4813,1,600000000000000,46190000,164783,4938238,1743011227,0x2abd982ad9c76245e5f4dd3393dab3d4fe56edeb0202c18c9095d995706fd078,NewSale
0x4117F8ed506d3ad85a0A3676B6AD29E94fed8626,67943,0xEB255E4669Da7FeEf1F746a5a778b4e08b65a1A7,0,0x1e5a55adbb311e0127cf6f175fa7b84180dd9988,1,500000000000000,45207563,167283,4938248,1743011247,0x2bd0506d510f49ee88141723768b1fa52b0742bb2863fd7aae8ee2f03e1abafd,NewSale
0x230bFf75310590b1Ac4B5Fd4fb34A7cee8282Ea9,71411,0x6aD26D68bFf8cAD6bAaeA257832854e58B08150E,6,0x67c03e1344556606daafe0477adcfd3b348e4813,1,600000000000000,45160000,164783,4938257,1743011265,0x56425f0e72eab8c04d38407f8b4b05f34b77e994e20870d65f39f9984e5acb10,NewSale
0x230bFf75310590b1Ac4B5Fd4fb34A7cee8282Ea9,71412,0x6aD26D68bFf8cAD6bAaeA257832854e58B08150E,5,0x67c03e1344556606daafe0477adcfd3b348e4813,1,600000000000000,44960000,164783,4938273,1743011297,0xeecda88cdf0a2f680eed557cd152f94714bc005fef309fc16c751444de29edcc,NewSale
0x37C9a72f7699dF5270a8C409411391F2df0EcC94,74856,0x02e21A25F0038fa5BDEe9c0b77aC0c1E84d3d6f0,1880,0x64b7497e8ab87d5b61b6b9149ea9459f47112bc2,1,430000000000000,44950000,155258,4938280,1743011311,0x56b1cb5c4e204b22c697e673a8e47fe089ea1fd5cee5b268e1f70596c742632c,NewSale
0x230bFf75310590b1Ac4B5Fd4fb34A7cee8282Ea9,71413,0x6aD26D68bFf8cAD6bAaeA257832854e58B08150E,4,0x67c03e1344556606daafe0477adcfd3b348e4813,1,600000000000000,44600000,147683,4938287,1743011325,0x8fc3db63682a0c0cb745e65d0a5f31b2b5391066413f720b2238526267db5093,NewSale
0xdDEE7338E62BE267aA970233733Ba2A3c802Ed50,75101,0xbc2d6E7c81E7f35473b3594031FCC4c519fD24Ad,0,0x80974c1dba9aa242b4acb7078ba1536a90314dc6,1,267000000000000,45517491,140578,4938299,1743011349,0x6aa2493d7233d480df929ea1fddd763a070a95a4a3555a32dcd6d860ad4f0d14,NewSale
0x64f7C019021aC74A68D90D08491Ca43b2a632E71,74642,0xbc2d6E7c81E7f35473b3594031FCC4c519fD24Ad,1,0x52abeb15a963d8ddbd83501b18559a547f44ddf9,1,15200000000000000000,46738472,182154,4938364,1743011479,0xb28a7e6eeaaf366e800992bf39c5dabaa384ab3ff9643291b6b686542325d58c,NewSale
0xC70caD0496498e4D308e00bA7994594aa3D4d9C2,75510,0xbc2d6E7c81E7f35473b3594031FCC4c519fD24Ad,1,0xe09079f736d2fcedcc0125257a0395c733d7f6fa,1,249000000000000,45066421,152878,4938392,1743011535,0x753c95357ad846f5ee202691e8ea6c4c235335ed7e1707ba7fcd94320583e37f,NewSale
0xeF0Ef28b882d166B732d00A01Ea762B9CCd3FE44,75403,0xbc2d6E7c81E7f35473b3594031FCC4c519fD24Ad,1,0x80974c1dba9aa242b4acb7078ba1536a90314dc6,1,245000000000000,45005071,142189,4938397,1743011545,0x4e1dde88a41f70d75f4d5cc2f4672ae9e639d511cd97f1f56a049bd44b5c3631,NewSale
0x86bB7A3Fac280460042A2fe62e6f8E4BB2b69139,74936,0xdc0F91C5a4D200FfC21658901c77c0fE1A14d199,0,0x67c03e1344556606daafe0477adcfd3b348e4813,1,650000000000000,44970000,167283,4938424,1743011599,0x4548d99554b503c747c0a1b26ab270e9d094d04e5398b91f2fd3dbf3eecd31e5,NewSale
0x4734A3d49feCF64500f7A2210020f3C673fA33AE,75501,0xbc2d6E7c81E7f35473b3594031FCC4c519fD24Ad,1,0x2ece059fb9f8e573f9e3e4f45daf41b90019caa8,1,249000000000000,44970000,152866,4938424,1743011599,0x4ebd5df7f5e16808287a9f04611d876f87e30f35e58ba359abd6d1d7458dc571,NewSale
0xeF0Ef28b882d166B732d00A01Ea762B9CCd3FE44,75403,0xbc2d6E7c81E7f35473b3594031FCC4c519fD24Ad,1,0xde4ca30765d94d5ce976a4fc91a6b0b730c7b0f3,1,245000000000000,44110000,152878,4938450,1743011651,0xd5a9b853306a1ec0ec72f449a141378cfdf18d70792f30b29012348576102109,NewSale
0xed1e0859C5254470FC2e7e0D4BC53B3724fA0747,75503,0xEB255E4669Da7FeEf1F746a5a778b4e08b65a1A7,0,0x64b7497e8ab87d5b61b6b9149ea9459f47112bc2,1,0,43600000,133584,4938464,1743011679,0x38f00a5052a6b176c0a67d52df5f2e9c955f64cab4fe488dd5ca1a725fce3656,NewSale
0x13da30997B2dfF7d99b820e6a8fc371080577520,75516,0x26eA0a7Bd0e3feBc7Cd919Ab46e17b47cb01Cc04,193,0x1967ba1bbd5f37df76d2758ab7edfd281967063b,1,500000000000000,43592504,172012,4938469,1743011689,0x0c797d678051cb060baa0e3a68679cc7ef0f62c17a83cf9534734a2b7afade5a,NewSale
0xc2e0E2A11b060c0C430A84bb627C4C2E6B3466Fa,75495,0xbc2d6E7c81E7f35473b3594031FCC4c519fD24Ad,1,0xde4ca30765d94d5ce976a4fc91a6b0b730c7b0f3,1,249000000000000,43660000,135778,4938488,1743011727,0xdbd2771b110a6f743a590de8ed05a95693ff95a13cb16ae529e2da8824ec6bae,NewSale
0xF1bE037f59f00f20b6b1A1b13e09ece4b6C4aE5A,75504,0xbc2d6E7c81E7f35473b3594031FCC4c519fD24Ad,1,0xde4ca30765d94d5ce976a4fc91a6b0b730c7b0f3,1,249000000000000,43370000,135778,4938509,1743011769,0x23607255e845ac018541dc023ad1f568c1c9857f7d67046c98792e4bf2bcb165,NewSale
0x93840C5BF4F00F73ABE47D02bE20AA368dEFF774,75514,0xbc2d6E7c81E7f35473b3594031FCC4c519fD24Ad,0,0x1967ba1bbd5f37df76d2758ab7edfd281967063b,1,290000000000000,42278236,157690,4938519,1743011789,0xbdb35f304c13d65250118b58c3a779566864a418d38d5eb69aa629567e402a4e,NewSale
0x7648189822e72df2938709244ebb4aEb69077187,75422,0xbc2d6E7c81E7f35473b3594031FCC4c519fD24Ad,1,0xe32573a64bc5ff42fd3d3a64b9e51df49715c881,1,249000000000000,42497708,152878,4938532,1743011815,0xd1f8855a0e76385b51087363912379ad5f5c042bc50a69e4f12cdb31c619f2fb,NewSale
0x142137A7641EdDBbb8DbABa04ecf0e366a32453A,75487,0xbc2d6E7c81E7f35473b3594031FCC4c519fD24Ad,0,0xde4ca30765d94d5ce976a4fc91a6b0b730c7b0f3,1,248000000000000,42530000,135778,4938540,1743011831,0x801f3c4040f5dc9ee829d057b31b00ee4bc4b88d6ca9b2bb192db111b04fcfbf,NewSale
0xd54E6cf19C85148C14493197A0bf1a06Ff949E6c,75509,0xbc2d6E7c81E7f35473b3594031FCC4c519fD24Ad,1,0x2ece059fb9f8e573f9e3e4f45daf41b90019caa8,1,250000000000000,42500000,140566,4938542,1743011835,0xeaff71315f4a843ead9c1b16a4db1c715e275451b5b9a490e8d2a9f84077df8a,NewSale
0x86bB7A3Fac280460042A2fe62e6f8E4BB2b69139,74947,0xdc0F91C5a4D200FfC21658901c77c0fE1A14d199,0,0x72b293417c86d21493f9a7b487eac2145fc08286,1,1600000,42500000,203656,4938544,1743011839,0xeaa9b2d00933712254b40f2b873954cc53af0253a614b96d7ff8e1b8b0e84bd5,NewSale
0x8B6C669147d95B0253831730d373C03e42f2AeeF,75517,0xbc2d6E7c81E7f35473b3594031FCC4c519fD24Ad,1,0xde4ca30765d94d5ce976a4fc91a6b0b730c7b0f3,1,249000000000000,42160000,135778,4938559,1743011869,0xed6e028674514723745daee319d1aeda149f8165be7dc50356ff3a905a190fa9,NewSale
0xaC9C7b6Cd8b7d9Da658132cdc14E424329a06984,75528,0xbc2d6E7c81E7f35473b3594031FCC4c519fD24Ad,1,0xc96ecc5d0fc5369cf8165999b067889f39fe39bb,1,190000000000000,41457693,157678,4938574,1743011899,0x3d1cd20538aa1ffd126da3e08ac5a1a4bc629bec4b170e6b979035666b6f0a67,NewSale
0x1D1FdaB92043a04c523cEfF8f68390bC5b3d163d,75513,0xbc2d6E7c81E7f35473b3594031FCC4c519fD24Ad,1,0xf2f8550554b158f83348e380ef5128ab204b3abe,1,249000000000000,40330000,152878,4938615,1743011981,0xe71d340d400eaf21329e81e5d18f33af8acb3e2ef617faa50be19d9408dabb90,NewSale
0xC0DEc165A5d6e6766Fbc35c977f89535899D0411,74893,0xbc2d6E7c81E7f35473b3594031FCC4c519fD24Ad,0,0xe365e00c328d090aa7ed10e0fc988fb81be67234,1,249999990000000,39680000,142201,4938647,1743012045,0xcb81f0217d776e212fce86c9260711b44ca5662228e38d700ffc1bb919d0659f,NewSale
0x2065b7a05102C48A44CB985a1E1f466ac9cEE08C,75152,0xbc2d6E7c81E7f35473b3594031FCC4c519fD24Ad,0,0x2bc2556e197d3b244af368e4ddafdc8d5e4d2af3,1,275000000000000,38816375,140578,4938656,1743012063,0xc7f4075898346e07fcedd81bab47b5d05899240a33b5f263b076502d3c6a1779,NewSale
0x3bb7F0a061209CDc3503749f27d12D97330E3969,75518,0xbc2d6E7c81E7f35473b3594031FCC4c519fD24Ad,1,0xf2f8550554b158f83348e380ef5128ab204b3abe,1,249000000000000,39460000,135778,4938659,1743012069,0xf8f98f1e26255f1ec9d1259a234b333e0ce94c3c7991a506c5b4eff8e7a7dc0c,NewSale
0xd54E6cf19C85148C14493197A0bf1a06Ff949E6c,75512,0xbc2d6E7c81E7f35473b3594031FCC4c519fD24Ad,1,0xe365e00c328d090aa7ed10e0fc988fb81be67234,1,250000000000000,39220000,152878,4938667,1743012085,0x04fdd348d26cc2a225c0eb0e13e82176e76ed81aa7460a2dde59cd44b9cf6721,NewSale
0xC0DEc165A5d6e6766Fbc35c977f89535899D0411,74893,0xbc2d6E7c81E7f35473b3594031FCC4c519fD24Ad,0,0xf2f8550554b158f83348e380ef5128ab204b3abe,1,249999990000000,39220000,142201,4938680,1743012111,0x90c3bac0d5bdfe38384bac448343a5ccbaf9987b4c4529fe123c914c97e799d2,NewSale
0xED97Ab61F1FA19691C6A07be05712210aedA79Aa,75497,0xbc2d6E7c81E7f35473b3594031FCC4c519fD24Ad,1,0xe365e00c328d090aa7ed10e0fc988fb81be67234,1,260000000000000,39220000,140578,4938682,1743012115,0x273a92b01802cc19a9efe590eb343e1edb6d629062a1ca6282f218d20159e2ed,NewSale
0xC0DEc165A5d6e6766Fbc35c977f89535899D0411,74779,0xbc2d6E7c81E7f35473b3594031FCC4c519fD24Ad,0,0xe365e00c328d090aa7ed10e0fc988fb81be67234,1,269999990000000,38680000,142201,4938696,1743012143,0xeeaa54f1f90ac530a94ead694a6abe9c1a478494e4f2f4a37f06cb8ffa8d228a,NewSale
0xC0DEc165A5d6e6766Fbc35c977f89535899D0411,74779,0xbc2d6E7c81E7f35473b3594031FCC4c519fD24Ad,0,0xe619216b27a37dde4238e0541bbc0e16916497f8,1,269999990000000,37994274,142201,4938696,1743012143,0xd13d58909c07bba8e22bfefecf7da19f230d40d828781d9d6d551dea65a8f229,NewSale
0xC0DEc165A5d6e6766Fbc35c977f89535899D0411,74893,0xbc2d6E7c81E7f35473b3594031FCC4c519fD24Ad,0,0xf2f8550554b158f83348e380ef5128ab204b3abe,1,249999990000000,38440000,142201,4938703,1743012157,0x131b459390f725ec0c11e6969e5312ebc8369e67ecc29041809ebc60975cb5b8,NewSale
0xC0DEc165A5d6e6766Fbc35c977f89535899D0411,74786,0xbc2d6E7c81E7f35473b3594031FCC4c519fD24Ad,0,0xe365e00c328d090aa7ed10e0fc988fb81be67234,1,265000000000000,38270000,142189,4938729,1743012209,0x3e8ab30a2487f9349300aef11966a0ff6797206a222a52536a38167d5d194df0,NewSale
