listing_creator,listing_id,asset_contract,token_id,buyer,quantity_bought,total_price_paid,gas_price,gas_used,block_number,timestamp,transaction_hash,event_type
0xae3eD39da68fcC1dCF0a3fCe7F049198EAA962eE,77297,0xbc2d6E7c81E7f35473b3594031FCC4c519fD24Ad,0,0x80fe121b69163e17bd4e9cc573652e29e48fa4ae,1,19800000000000000000,27650497,165066,4960816,1743056383,0x9e18c8278a2bfbeb41a05e6f9d1d202f65e3164d8c24c36264307bdd37ba3053,NewSale
0xae3eD39da68fcC1dCF0a3fCe7F049198EAA962eE,77297,0xbc2d6E7c81E7f35473b3594031FCC4c519fD24Ad,0,0x80fe121b69163e17bd4e9cc573652e29e48fa4ae,1,19800000000000000000,27625064,165066,4960825,1743056401,0x8da09c0d7fe5a48fe20de82572b7bec1d58b3aa202ee2dc07e25318f39d1ca2a,NewSale
0xae3eD39da68fcC1dCF0a3fCe7F049198EAA962eE,77297,0xbc2d6E7c81E7f35473b3594031FCC4c519fD24Ad,0,0x50d00e0f7d0e56fc52d53b90d585b4c85d2f9c23,1,19800000000000000000,27635957,165066,4960826,1743056403,0xc56c6a085c843d89da137a5400ccd3eef9f90e0a33bd1494198057f60d7ddb2f,NewSale
0x20683b7398f3E5CAd97Fe6317D85e8AC2Fd7f124,77254,0x02e21A25F0038fa5BDEe9c0b77aC0c1E84d3d6f0,1971,0x13da30997b2dff7d99b820e6a8fc371080577520,1,300000000000000,27840030,138158,4960828,1743056407,0x9030db9825241b8fe57de14252165338a90f794b01e45daebe26905f92107e45,NewSale
0x529F71B8285ECbabF59359e9284E98AD05e683E7,77300,0xbc2d6E7c81E7f35473b3594031FCC4c519fD24Ad,1,0x64f7c019021ac74a68d90d08491ca43b2a632e71,1,15300000000000000000,27840030,161354,4960828,1743056407,0x8299eecb9caa265ccee5a812916c24124a7c2f84adc8013d6fbf79c1c5d59a37,NewSale
0xae3eD39da68fcC1dCF0a3fCe7F049198EAA962eE,77297,0xbc2d6E7c81E7f35473b3594031FCC4c519fD24Ad,0,0x80fe121b69163e17bd4e9cc573652e29e48fa4ae,1,19800000000000000000,28288736,165066,4960835,1743056421,0x9a6f0c0eb23cf9536e5a66786a8d7b147ea79b5c6bf666f6f06ad4fb76c90617,NewSale
0xae3eD39da68fcC1dCF0a3fCe7F049198EAA962eE,77297,0xbc2d6E7c81E7f35473b3594031FCC4c519fD24Ad,0,0x50d00e0f7d0e56fc52d53b90d585b4c85d2f9c23,1,19800000000000000000,28438539,165066,4960838,1743056427,0x9b4ad573271191c51c6a10f900f28d2997503b48fed1fc5a9d7ba93d849c71f2,NewSale
0xae3eD39da68fcC1dCF0a3fCe7F049198EAA962eE,77297,0xbc2d6E7c81E7f35473b3594031FCC4c519fD24Ad,0,0x80fe121b69163e17bd4e9cc573652e29e48fa4ae,1,19800000000000000000,28616219,160266,4960845,1743056441,0x427a996d47722225ba74810b3223d78d0a40a8eadd2c7113cd54aa8081708044,NewSale
0x529F71B8285ECbabF59359e9284E98AD05e683E7,77300,0xbc2d6E7c81E7f35473b3594031FCC4c519fD24Ad,1,0x64f7c019021ac74a68d90d08491ca43b2a632e71,1,15300000000000000000,28761493,161354,4960849,1743056449,0x72f49129b95e010e04332cd956ae4f2453bb59ce33e4b06d0511000684e41349,NewSale
0xae3eD39da68fcC1dCF0a3fCe7F049198EAA962eE,77297,0xbc2d6E7c81E7f35473b3594031FCC4c519fD24Ad,0,0x50d00e0f7d0e56fc52d53b90d585b4c85d2f9c23,1,19800000000000000000,28728587,165066,4960850,1743056451,0x96d7c2c5622ad15970fd2cb4980e69e7154b88f186fc71106444f0a2d6ee40fe,NewSale
0xae3eD39da68fcC1dCF0a3fCe7F049198EAA962eE,77297,0xbc2d6E7c81E7f35473b3594031FCC4c519fD24Ad,0,0x80fe121b69163e17bd4e9cc573652e29e48fa4ae,1,19800000000000000000,29862981,165066,4960867,1743056485,0xc76d4174fb880253895f22467fb65649d1f456a4daaab492013795778934e7c9,NewSale
0x529F71B8285ECbabF59359e9284E98AD05e683E7,77300,0xbc2d6E7c81E7f35473b3594031FCC4c519fD24Ad,1,0x64f7c019021ac74a68d90d08491ca43b2a632e71,1,15300000000000000000,29911154,161354,4960869,1743056489,0xb9e9dff4bb68f497412dd730c2157644f946b93255cf39dad001265f42bb5daf,NewSale
0xae3eD39da68fcC1dCF0a3fCe7F049198EAA962eE,77297,0xbc2d6E7c81E7f35473b3594031FCC4c519fD24Ad,0,0x80fe121b69163e17bd4e9cc573652e29e48fa4ae,1,19800000000000000000,30525893,158655,4960882,1743056515,0x6367eb8cd5094fc626c584f276f91370f4491e6dc70fea590a372f2bf872a4de,NewSale
0x529F71B8285ECbabF59359e9284E98AD05e683E7,77300,0xbc2d6E7c81E7f35473b3594031FCC4c519fD24Ad,1,0x64f7c019021ac74a68d90d08491ca43b2a632e71,1,15300000000000000000,30824847,161354,4960890,1743056531,0xdde05ec1fdd6aab7a86531ab504a108f6d0fb94c0af9ab33a6eba2669eb1345a,NewSale
0x529F71B8285ECbabF59359e9284E98AD05e683E7,77300,0xbc2d6E7c81E7f35473b3594031FCC4c519fD24Ad,1,0x64f7c019021ac74a68d90d08491ca43b2a632e71,1,15300000000000000000,32387131,161354,4960928,1743056607,0x2c225b1c98085a52ad461a36693c2c4b50cfa13c30656d7546951dd30996ad70,NewSale
0x26A74fb0b27114F5c5f6C067b5285Cf9f1346eFB,76704,0xdc0F91C5a4D200FfC21658901c77c0fE1A14d199,0,0xbe3ef752e84b15ead560cd69ad855684cb41b667,1,600100000000000,32866155,145383,4960940,1743056631,0x47b90daa8b5eb95158f6186f8f1ff63a73791d16335bb34bde544d89999148d3,NewSale
0x529F71B8285ECbabF59359e9284E98AD05e683E7,77300,0xbc2d6E7c81E7f35473b3594031FCC4c519fD24Ad,1,0x64f7c019021ac74a68d90d08491ca43b2a632e71,1,15300000000000000000,33020701,161354,4960946,1743056643,0x335b3c6315aefa425b57730ab57dbb41c81881469c8e2d9d7e05f31507031e5c,NewSale
0x529F71B8285ECbabF59359e9284E98AD05e683E7,77300,0xbc2d6E7c81E7f35473b3594031FCC4c519fD24Ad,1,0x64f7c019021ac74a68d90d08491ca43b2a632e71,1,15300000000000000000,33489522,161354,4960966,1743056683,0x1fd6d20b29d75d6798a494239a4a8414d3ce7d211eedaca9bd243b6cf4a2839f,NewSale
0x80fe121B69163E17bd4e9CC573652e29E48fa4ae,77276,0xbc2d6E7c81E7f35473b3594031FCC4c519fD24Ad,0,0xa683398a41995e18acdabb0fc24652209291444b,1,19000000000000000000,33839492,163455,4960985,1743056721,0x7d8ee1453bcf8d5d11d76c25c5136f360cb1c21810187992e75fafa83f50db97,NewSale
0x529F71B8285ECbabF59359e9284E98AD05e683E7,77300,0xbc2d6E7c81E7f35473b3594031FCC4c519fD24Ad,1,0x64f7c019021ac74a68d90d08491ca43b2a632e71,1,15300000000000000000,33771770,161354,4960986,1743056723,0x7ff773f5f7319c1c5400f81c0176d66b5c8a557d2df8c8cdd4a2c57a178ca426,NewSale
0x529F71B8285ECbabF59359e9284E98AD05e683E7,77300,0xbc2d6E7c81E7f35473b3594031FCC4c519fD24Ad,1,0x64f7c019021ac74a68d90d08491ca43b2a632e71,1,15300000000000000000,34544044,161354,4961007,1743056765,0xbd9fc8144871c06253185980494eaa31e6fa01e6896238f03c6bc015e2ebfd57,NewSale
0x2e7699a42488E20FF5DF09f60c65D3808A69E0d8,76274,0xbc2d6E7c81E7f35473b3594031FCC4c519fD24Ad,0,0x8554a52f48cbc1626d83cbe23c882721d3a84cd5,1,280000000000000,34921553,140578,4961020,1743056791,0x9d192b192ac33fff2508ba4e478e9c00988552c70befc53db1dde633b7883975,NewSale
0x529F71B8285ECbabF59359e9284E98AD05e683E7,77300,0xbc2d6E7c81E7f35473b3594031FCC4c519fD24Ad,1,0x64f7c019021ac74a68d90d08491ca43b2a632e71,1,15300000000000000000,34913386,161354,4961027,1743056805,0xcd9e19aec8da6b6515e88669a6727f37763156d79864dda0f28b60805aa3bddd,NewSale
0x1DD5fBc5CE3E5E91578045Abe5485ded3CAF5a49,77298,0xbc2d6E7c81E7f35473b3594031FCC4c519fD24Ad,0,0x8554a52f48cbc1626d83cbe23c882721d3a84cd5,1,238000000000000,35662628,140578,4961047,1743056845,0x4084be53a1bdc742f0cc1456e078524b8d60daa090b9d99259e2f68c8d0c68f4,NewSale
0x529F71B8285ECbabF59359e9284E98AD05e683E7,77300,0xbc2d6E7c81E7f35473b3594031FCC4c519fD24Ad,1,0x64f7c019021ac74a68d90d08491ca43b2a632e71,1,15300000000000000000,35562628,161354,4961047,1743056845,0x6eeb957e67ae9c63f42c138aa5287016448f3d9369282a6b1d4ff32be05c16a4,NewSale
0x529F71B8285ECbabF59359e9284E98AD05e683E7,77300,0xbc2d6E7c81E7f35473b3594031FCC4c519fD24Ad,1,0x64f7c019021ac74a68d90d08491ca43b2a632e71,1,15300000000000000000,35417250,161354,4961067,1743056885,0x65a4e4bec65ec25b2400cd5d6af04c14315eacd489352e7153a9945e38229d74,NewSale
0x1DD5fBc5CE3E5E91578045Abe5485ded3CAF5a49,77306,0xbc2d6E7c81E7f35473b3594031FCC4c519fD24Ad,1,0xc60dec3fb928289e847822aeb686d5f9a672bce0,1,238000000000000,35923646,157678,4961083,1743056917,0x316ffe35520305dff3173d1243295ec5f86bfe1998eefd1aa6e61e0dd2ac2c7a,NewSale
0x529F71B8285ECbabF59359e9284E98AD05e683E7,77300,0xbc2d6E7c81E7f35473b3594031FCC4c519fD24Ad,1,0x64f7c019021ac74a68d90d08491ca43b2a632e71,1,15300000000000000000,35862559,161354,4961089,1743056929,0xaf9e074b0564b7725ef5c7e2e5f719c1723819ba710e1796a1bd00dfa098e11f,NewSale
0x1DD5fBc5CE3E5E91578045Abe5485ded3CAF5a49,77304,0xbc2d6E7c81E7f35473b3594031FCC4c519fD24Ad,1,0x8554a52f48cbc1626d83cbe23c882721d3a84cd5,1,238000000000000,36080555,157678,4961101,1743056953,0x27b0d8fd90a9a0e1896da2de6273ba0f318f2f172a05a2a9b45a33890e98f6af,NewSale
0x529F71B8285ECbabF59359e9284E98AD05e683E7,77300,0xbc2d6E7c81E7f35473b3594031FCC4c519fD24Ad,1,0x64f7c019021ac74a68d90d08491ca43b2a632e71,1,15300000000000000000,35989229,161354,4961108,1743056967,0x839c35e155a63b2d990f56e5522b07cf489170b9f3fc75cb6d77cef935021d7d,NewSale
0xeF0Ef28b882d166B732d00A01Ea762B9CCd3FE44,77311,0xbc2d6E7c81E7f35473b3594031FCC4c519fD24Ad,1,0x8554a52f48cbc1626d83cbe23c882721d3a84cd5,1,232000000000000,35903342,142177,4961124,1743056999,0x8c82b242282592a6709c8bc4508061f0cac3820d9fa64899bf19f934e3b27ca1,NewSale
0x529F71B8285ECbabF59359e9284E98AD05e683E7,77300,0xbc2d6E7c81E7f35473b3594031FCC4c519fD24Ad,1,0x64f7c019021ac74a68d90d08491ca43b2a632e71,1,15300000000000000000,36013056,161354,4961128,1743057007,0xfff6c4d1ca5e30552a803cfbd52e0f61a68ab0fa9892cb85fa9ff14c660d0488,NewSale
0x529F71B8285ECbabF59359e9284E98AD05e683E7,77300,0xbc2d6E7c81E7f35473b3594031FCC4c519fD24Ad,1,0x64f7c019021ac74a68d90d08491ca43b2a632e71,1,15300000000000000000,35638888,154943,4961162,1743057075,0x2b414ad2da27ec3108d01d01b70b60bca7ffe14b8ebf56042a8e7e25c5735315,NewSale
0xbAa9672503be4067CCc6eBB08BEe52af3e0b3b4C,77309,0x2Bf46D4497e98FbA2304B0d2453922FFf559Ea02,47,0x13da30997b2dff7d99b820e6a8fc371080577520,1,550000000000000,36154667,164783,4961203,1743057157,0xc5ca709a4861200aa61ef5bbf83c1584747c023558e8101dd976d355cccd66e5,NewSale
0x471925a1Ed91a3709775aC18E6cD1D751Ca9267A,77310,0xDfC21bE7cC791a5f03A95E836D385bBC6d7dF384,407,0x773a48228a236cc42e097ab82f3bee3ed42e553d,1,100000000000000,35890000,150446,4961203,1743057157,0x5106b7ec9ae77c91c8a79e3178730678b5119a658c98015ef7e9581dd3592979,NewSale
0x9D3732727D5d56C2234264aB0154111EB91dD0CA,77307,0xbc2d6E7c81E7f35473b3594031FCC4c519fD24Ad,0,0xa683398a41995e18acdabb0fc24652209291444b,1,248900000000000,36185321,140578,4961220,1743057191,0x1cbeb03b3cc30be97197811d334c4fc24fce0e588162bc24322f9b493ee0dbc7,NewSale
0x64f7C019021aC74A68D90D08491Ca43b2a632E71,77314,0xbc2d6E7c81E7f35473b3594031FCC4c519fD24Ad,1,0x529f71b8285ecbabf59359e9284e98ad05e683e7,1,14960000000000000000,36410278,178454,4961223,1743057197,0xfbf6c1d26a78a59f779ffcbf6b0b39224a3db13ad85fb64ecd66ad07c796f005,NewSale
0x64f7C019021aC74A68D90D08491Ca43b2a632E71,77314,0xbc2d6E7c81E7f35473b3594031FCC4c519fD24Ad,1,0x529f71b8285ecbabf59359e9284e98ad05e683e7,1,14960000000000000000,36798278,161354,4961243,1743057237,0xe3f40db840a87494a50bdafb2ee33ca29d814fced4f55ddfc3dcf074515a1ade,NewSale
0xeF0Ef28b882d166B732d00A01Ea762B9CCd3FE44,77311,0xbc2d6E7c81E7f35473b3594031FCC4c519fD24Ad,1,0x1830834d81dd5d43b297a234c9b2b939999144d2,1,232000000000000,36760000,152866,4961253,1743057257,0x780c7c877a447d15b8a1f18dc71519fc120b4e4178474d1e4db5565cbbfa412b,NewSale
0x64f7C019021aC74A68D90D08491Ca43b2a632E71,77314,0xbc2d6E7c81E7f35473b3594031FCC4c519fD24Ad,1,0x529f71b8285ecbabf59359e9284e98ad05e683e7,1,14960000000000000000,36770149,161354,4961264,1743057279,0x3eca462f5c9a2745b004fb0fddc721c6fbcd50a29f2d5681f535b64328ea0c21,NewSale
0x64f7C019021aC74A68D90D08491Ca43b2a632E71,77314,0xbc2d6E7c81E7f35473b3594031FCC4c519fD24Ad,1,0x529f71b8285ecbabf59359e9284e98ad05e683e7,1,14960000000000000000,36635446,161354,4961285,1743057321,0xb85ba89f39b4abf6032e19fcd8a81345d60544c5be7b40429cc9a8e02365dbb5,NewSale
0x1DD5fBc5CE3E5E91578045Abe5485ded3CAF5a49,77301,0xbc2d6E7c81E7f35473b3594031FCC4c519fD24Ad,0,0x057390c37c61c606e015f09c4d41b4663c55729c,1,238000000000000,36790000,140578,4961305,1743057361,0xc8668b6aa62ed3cd2d38bfdb75ca29ec395c855060c168e9900fe867b97bafc8,NewSale
0x64f7C019021aC74A68D90D08491Ca43b2a632E71,77314,0xbc2d6E7c81E7f35473b3594031FCC4c519fD24Ad,1,0x529f71b8285ecbabf59359e9284e98ad05e683e7,1,14960000000000000000,36682593,161354,4961305,1743057361,0x58403ad9b086cceff56fb28e88ddb2da1ec9f7a179f43749c4e03a21d74c0512,NewSale
0x451008D779AaF31f81CA70298952E1FD122De36b,77192,0xbc2d6E7c81E7f35473b3594031FCC4c519fD24Ad,1,0xc60dec3fb928289e847822aeb686d5f9a672bce0,1,249000000000000,37294810,135778,4961317,1743057385,0xf7d3bff5d50c4f4f424d9f04e4d5642b6c6e0f9f9c93ef8a210b3ca00ae766d9,NewSale
0x1DD5fBc5CE3E5E91578045Abe5485ded3CAF5a49,77303,0xbc2d6E7c81E7f35473b3594031FCC4c519fD24Ad,0,0x4ba6a9fdab4dda3337da9a03e7cd0fe97a21de55,1,238000000000000,36700000,140578,4961321,1743057393,0x97a64bc6ff75ab0f7127c428d7299f531edd6fde9ef2929526a07daa42aea58f,NewSale
0x64f7C019021aC74A68D90D08491Ca43b2a632E71,77314,0xbc2d6E7c81E7f35473b3594031FCC4c519fD24Ad,1,0x529f71b8285ecbabf59359e9284e98ad05e683e7,1,14960000000000000000,37072095,161354,4961325,1743057401,0x43b1611bf945fd96301736636f7891b5f9abf18da4a01d031d922076c1c0ba1e,NewSale
0x64f7C019021aC74A68D90D08491Ca43b2a632E71,77314,0xbc2d6E7c81E7f35473b3594031FCC4c519fD24Ad,1,0x529f71b8285ecbabf59359e9284e98ad05e683e7,1,14960000000000000000,37454820,161354,4961346,1743057443,0x14bcd4e6c7aa392a209247979199464234c2bd16a3d65dff754ae8bec0e9e00d,NewSale
0x64f7C019021aC74A68D90D08491Ca43b2a632E71,77314,0xbc2d6E7c81E7f35473b3594031FCC4c519fD24Ad,1,0x529f71b8285ecbabf59359e9284e98ad05e683e7,1,14960000000000000000,37588031,161354,4961366,1743057483,0xaae0796596e13f318cd51ebcb30f922d57a3a93c38105e918cd4dea681be6a0d,NewSale
0x1830834d81dd5D43B297a234C9B2B939999144D2,77319,0xbc2d6E7c81E7f35473b3594031FCC4c519fD24Ad,1,0x4ba6a9fdab4dda3337da9a03e7cd0fe97a21de55,1,231000000000000,37560000,152878,4961379,1743057509,0x8048e490131284ffb3ea9506c233127e081e53dab7ca6e933471dc904be19e14,NewSale
0x64f7C019021aC74A68D90D08491Ca43b2a632E71,77314,0xbc2d6E7c81E7f35473b3594031FCC4c519fD24Ad,1,0x529f71b8285ecbabf59359e9284e98ad05e683e7,1,14960000000000000000,37784919,161354,4961386,1743057523,0x6c7fa00ca6d5d797ad74a27d8c609dd4b57067f26a1f10f96acf771b014d8c5f,NewSale
0x64f7C019021aC74A68D90D08491Ca43b2a632E71,77314,0xbc2d6E7c81E7f35473b3594031FCC4c519fD24Ad,1,0x529f71b8285ecbabf59359e9284e98ad05e683e7,1,14960000000000000000,37756605,161354,4961406,1743057563,0xd0ad6ca781168e31d9d867794938d391a911cd8140c866e33932d98c54c7bfa0,NewSale
0x64f7C019021aC74A68D90D08491Ca43b2a632E71,77314,0xbc2d6E7c81E7f35473b3594031FCC4c519fD24Ad,1,0x529f71b8285ecbabf59359e9284e98ad05e683e7,1,14960000000000000000,38182575,161354,4961426,1743057603,0x3cb39790a8f36a1ff638544f668b0d0b7441fc4551982381e1c733727a39efd6,NewSale
0x64f7C019021aC74A68D90D08491Ca43b2a632E71,77314,0xbc2d6E7c81E7f35473b3594031FCC4c519fD24Ad,1,0x529f71b8285ecbabf59359e9284e98ad05e683e7,1,14960000000000000000,38683563,161354,4961447,1743057645,0x29b8eb80c54fe41db1e4adad5c7205a4b57723693f50d7db4d045b149e6fd048,NewSale
0x64f7C019021aC74A68D90D08491Ca43b2a632E71,77314,0xbc2d6E7c81E7f35473b3594031FCC4c519fD24Ad,1,0x529f71b8285ecbabf59359e9284e98ad05e683e7,1,14960000000000000000,39321505,161354,4961467,1743057685,0x2520c6a456e00ce8c409810f61bb7c24a721fda324de21139cf3da1d33051ff6,NewSale
0x64f7C019021aC74A68D90D08491Ca43b2a632E71,77314,0xbc2d6E7c81E7f35473b3594031FCC4c519fD24Ad,1,0x529f71b8285ecbabf59359e9284e98ad05e683e7,1,14960000000000000000,39336270,161354,4961487,1743057725,0x41d089fc61a3d0982146709f436f4293f92a06baa0968b9dcc60ce0530a358d7,NewSale
0x64f7C019021aC74A68D90D08491Ca43b2a632E71,77314,0xbc2d6E7c81E7f35473b3594031FCC4c519fD24Ad,1,0x529f71b8285ecbabf59359e9284e98ad05e683e7,1,14960000000000000000,39268258,161354,4961508,1743057767,0x81e8d696e15a0def9ac6ab2c889e63eab79bf49d2c6f790971baaf83bdea6e38,NewSale
0x93b61B31f0c3Ca3Cae48808070ba335Bcdb071F3,77234,0xbc2d6E7c81E7f35473b3594031FCC4c519fD24Ad,1,0xccfcf19d9bf2c1032f2079a002c930066dea13a5,1,249000000000000,39354259,135778,4961510,1743057771,0x65db47c55c98bb1fc836120c7b3bc54c4b19bb12d1a5fe8866607680d55e3a4f,NewSale
0x64f7C019021aC74A68D90D08491Ca43b2a632E71,77314,0xbc2d6E7c81E7f35473b3594031FCC4c519fD24Ad,1,0x529f71b8285ecbabf59359e9284e98ad05e683e7,1,14960000000000000000,38952985,161354,4961528,1743057807,0x32fd3c4ec6fdf60516852ef5bd803c0a9caa0912d3e6d3d43f45bfd4c7651216,NewSale
0x967f7437469BC95cc42615F25Bf282f43C8ce1fc,76908,0xfca66A2eFC73E0B9f8f6fEA0f94687af82ba53C0,3,0x1e538bc470e5bbba9cd56650ff905a04580d72ca,1,44000000000000000000,39351107,186930,4961544,1743057839,0x03460db2adf016ad832eb95a20d53980880c4fb4f7f5fd7434e9fb7b8b43c39d,NewSale
0x64f7C019021aC74A68D90D08491Ca43b2a632E71,77314,0xbc2d6E7c81E7f35473b3594031FCC4c519fD24Ad,1,0x529f71b8285ecbabf59359e9284e98ad05e683e7,1,14960000000000000000,39367738,154943,4961546,1743057843,0x36f04b56623365bfaefcdcc09d50c479d9ed700ebab436f8e3161b3a01412a87,NewSale
0x1DD5fBc5CE3E5E91578045Abe5485ded3CAF5a49,77305,0xbc2d6E7c81E7f35473b3594031FCC4c519fD24Ad,1,0xccfcf19d9bf2c1032f2079a002c930066dea13a5,1,238000000000000,39403841,140578,4961551,1743057853,0x77163e502df9ee439ea3a86f151cd4db16367315334be09aff4006a9fdc21e21,NewSale
0xEEc533B64b265dfd52fd465AEb49D8E562d9Ea32,77290,0xbc2d6E7c81E7f35473b3594031FCC4c519fD24Ad,0,0xa683398a41995e18acdabb0fc24652209291444b,1,250000000000000,39300000,140578,4961562,1743057875,0xe09086aecbcf4d8caf900d73095caf6500f604662db3aa4e3db295779db53128,NewSale
0x773a48228A236cc42e097aB82f3bEe3ed42e553D,77317,0xDfC21bE7cC791a5f03A95E836D385bBC6d7dF384,407,0xea7ced71d6c91bea15860e9d83c5e850864e4433,1,2000000000000000,39440000,150446,4961577,1743057905,0x400145836dc92f6f790d80b86a6f720079e757057dada019ac963d6d606f9fae,NewSale
0x77097770B0C9Fb322704dAd5b0bd18eDBa9b1Eae,74552,0xbc2d6E7c81E7f35473b3594031FCC4c519fD24Ad,0,0xa683398a41995e18acdabb0fc24652209291444b,1,286000000000000,39690000,140590,4961584,1743057919,0x178d370c2ec9db2ee5aafaf35ad35cd6d7ec350dd6fed3b318a59eff00ffc030,NewSale
0x8116376E815b9E89eecE5554a0426Cf65c354811,77324,0xbc2d6E7c81E7f35473b3594031FCC4c519fD24Ad,1,0x4ba6a9fdab4dda3337da9a03e7cd0fe97a21de55,1,249900000000000,39690000,135778,4961585,1743057921,0xcbbdf290e68af581e5c0cd8ff5c79e820ba99474f12e682ff144e1009ac748fd,NewSale
0x057390c37c61C606e015F09c4D41B4663C55729c,77321,0xbc2d6E7c81E7f35473b3594031FCC4c519fD24Ad,0,0xccfcf19d9bf2c1032f2079a002c930066dea13a5,1,230000000000000,39929068,140578,4961603,1743057957,0x74454f6e00d78ba057482d925539c014e76cc82ecd0d37160a26f38e8ac38d44,NewSale
0x529F71B8285ECbabF59359e9284E98AD05e683E7,77328,0xbc2d6E7c81E7f35473b3594031FCC4c519fD24Ad,1,0x64f7c019021ac74a68d90d08491ca43b2a632e71,1,15300000000000000000,40127154,178454,4961629,1743058009,0x367104f58f449ed172f718cd8758dc51edaa3d9d7b2be14f53fcf08d7cb16dfd,NewSale
0x773a48228A236cc42e097aB82f3bEe3ed42e553D,77315,0xEB255E4669Da7FeEf1F746a5a778b4e08b65a1A7,0,0xa4e56d89ccf3aa9317aa2e7559f0fc6ab3400396,1,2000000000000000,40106112,150171,4961636,1743058023,0xdca7ca8d38c4604be2ae8470b9261ef950fd551dda6a05f3eb0d468148374f8d,NewSale
0x230bFf75310590b1Ac4B5Fd4fb34A7cee8282Ea9,71415,0x6aD26D68bFf8cAD6bAaeA257832854e58B08150E,2,0x1e538bc470e5bbba9cd56650ff905a04580d72ca,1,600000000000000,40269306,164783,4961637,1743058025,0xe879f6d7d542ef938fcd904122ff362819603b6511289bce017c480097aba174,NewSale
0x904e461Dab156B9B4b888951CA633Eda6D684347,74555,0xbc2d6E7c81E7f35473b3594031FCC4c519fD24Ad,0,0xa683398a41995e18acdabb0fc24652209291444b,1,286000000000000,40170000,140590,4961647,1743058045,0x6ee0ddf7f1c5fe3ac04213bf39e8a37122550e19af0f5d4982dc4096b4bc112b,NewSale
0x529F71B8285ECbabF59359e9284E98AD05e683E7,77328,0xbc2d6E7c81E7f35473b3594031FCC4c519fD24Ad,1,0x64f7c019021ac74a68d90d08491ca43b2a632e71,1,15300000000000000000,40698366,161354,4961649,1743058049,0x2447bee8da3fc6a6ab08fed14c3299db68940cb195e25384dd2cdfe7e59632ad,NewSale
0x1DD5fBc5CE3E5E91578045Abe5485ded3CAF5a49,77299,0xbc2d6E7c81E7f35473b3594031FCC4c519fD24Ad,0,0xccfcf19d9bf2c1032f2079a002c930066dea13a5,1,238000000000000,40653308,135778,4961653,1743058057,0x69246edbea7759699f580e5b2990dc0c32e4a4fffae776c0a3477cec18e07927,NewSale
0x9BD51E7A12764657d9189433Aaa08589f9a73C49,74482,0xbc2d6E7c81E7f35473b3594031FCC4c519fD24Ad,0,0xa683398a41995e18acdabb0fc24652209291444b,1,286000000000000,40570000,140590,4961664,1743058079,0x44af7f85501dcf908c57401b217b9a788e51001fd43db95fb71d2cb97308d5a9,NewSale
0x529F71B8285ECbabF59359e9284E98AD05e683E7,77328,0xbc2d6E7c81E7f35473b3594031FCC4c519fD24Ad,1,0x64f7c019021ac74a68d90d08491ca43b2a632e71,1,15300000000000000000,41156680,161354,4961669,1743058089,0x2394df03004d7a0f5bd10561dce4490f166eb7a47d41f553bdbfe42ed68174a2,NewSale
0x9fd09B06296b1C72Bb9E23866f455347A559bA57,76744,0xdc0F91C5a4D200FfC21658901c77c0fE1A14d199,0,0x0256222e1e0b81c740fec234fd18b40674109f0c,1,600000000000000,41141296,145383,4961679,1743058109,0x13b26f33e9a4cef3109250ec65756619273d84c286df17db779d5eeb974cf5e5,NewSale
0x904e461Dab156B9B4b888951CA633Eda6D684347,74587,0xbc2d6E7c81E7f35473b3594031FCC4c519fD24Ad,0,0xa683398a41995e18acdabb0fc24652209291444b,1,286000000000000,41100000,140590,4961681,1743058113,0xcea04b41dea556d8aa086e39dbeaffb8e83a0b999f536251fc6605d6feabe30c,NewSale
0x529F71B8285ECbabF59359e9284E98AD05e683E7,77328,0xbc2d6E7c81E7f35473b3594031FCC4c519fD24Ad,1,0x64f7c019021ac74a68d90d08491ca43b2a632e71,1,15300000000000000000,41188077,161354,4961689,1743058129,0xb395c5a977e74e878ed0a3d47b42156767b4779070e184b7f6ae0dafcdb3aafb,NewSale
0x9D3732727D5d56C2234264aB0154111EB91dD0CA,77302,0xbc2d6E7c81E7f35473b3594031FCC4c519fD24Ad,0,0x1a754a95dd99b08241f5429a433993319de40149,1,248900000000000,41248732,135778,4961691,1743058133,0x3e1705e6163fd264a96f15f6f20f9a27a96a61ebba72f0b33c95fed5e74470fd,NewSale
0x77097770B0C9Fb322704dAd5b0bd18eDBa9b1Eae,74569,0xbc2d6E7c81E7f35473b3594031FCC4c519fD24Ad,0,0xa683398a41995e18acdabb0fc24652209291444b,1,286000000000000,41380000,140590,4961697,1743058145,0x1d8df7d2d9596093d6fc82e081f9b566b9062cfb26a682c952fa171dfbc8b504,NewSale
0x529F71B8285ECbabF59359e9284E98AD05e683E7,77328,0xbc2d6E7c81E7f35473b3594031FCC4c519fD24Ad,1,0x64f7c019021ac74a68d90d08491ca43b2a632e71,1,15300000000000000000,41342765,161354,4961710,1743058171,0x24896e8f35227b215917bf4109657edce291b3c291f5b0a8c2711fde39ec2b2a,NewSale
0x43B94132D4384bcEB7F4f8573F577EE108b8d8a0,74935,0xbc2d6E7c81E7f35473b3594031FCC4c519fD24Ad,0,0xa683398a41995e18acdabb0fc24652209291444b,1,280000000000000,41540000,140578,4961712,1743058175,0xb766acad9900b592371c4299fb37080cfa746aef4eb00c5f7808cb7d5ed4c7b9,NewSale
0x9BD51E7A12764657d9189433Aaa08589f9a73C49,74476,0xbc2d6E7c81E7f35473b3594031FCC4c519fD24Ad,0,0xa683398a41995e18acdabb0fc24652209291444b,1,286000000000000,41810000,135790,4961728,1743058207,0xcab8cb43d972abb977cba26916e7c7e65aab3f4ae65704461947d05e5b8bc9b3,NewSale
0x529F71B8285ECbabF59359e9284E98AD05e683E7,77328,0xbc2d6E7c81E7f35473b3594031FCC4c519fD24Ad,1,0x64f7c019021ac74a68d90d08491ca43b2a632e71,1,15300000000000000000,42477599,161354,4961730,1743058211,0x4055fae5b5a3a4fc018e52033c203cda8612b513b9b6b4358b26a7b232c26900,NewSale
0x2065b7a05102C48A44CB985a1E1f466ac9cEE08C,75043,0xbc2d6E7c81E7f35473b3594031FCC4c519fD24Ad,0,0xa683398a41995e18acdabb0fc24652209291444b,1,275000000000000,42200000,140578,4961743,1743058237,0xc80577f7af98b026f61bee7e54a00797a8ff7ae3a0580a88ae39022b7c9ecd5b,NewSale
0x529F71B8285ECbabF59359e9284E98AD05e683E7,77328,0xbc2d6E7c81E7f35473b3594031FCC4c519fD24Ad,1,0x64f7c019021ac74a68d90d08491ca43b2a632e71,1,15300000000000000000,43196107,161354,4961750,1743058251,0x9028e348585058da15bb09a828d571264342adf99bd7ce222d77c665f836e915,NewSale
0x529F71B8285ECbabF59359e9284E98AD05e683E7,77328,0xbc2d6E7c81E7f35473b3594031FCC4c519fD24Ad,1,0x64f7c019021ac74a68d90d08491ca43b2a632e71,1,15300000000000000000,43011875,161354,4961771,1743058293,0xdca5da71a56c84938a6673069ce3df611c73ab0281ff160e9b21d5a67d61a2bd,NewSale
0x529F71B8285ECbabF59359e9284E98AD05e683E7,77328,0xbc2d6E7c81E7f35473b3594031FCC4c519fD24Ad,1,0x64f7c019021ac74a68d90d08491ca43b2a632e71,1,15300000000000000000,43032239,161354,4961791,1743058333,0xa63c4e3f9447b4051b05fbf53cb73a5813bf5c84ca6ef0ee436a5c19db229cd5,NewSale
0x55A86a5D622078162f7612284EC72da24219e8BA,77331,0xbc2d6E7c81E7f35473b3594031FCC4c519fD24Ad,1,0xa683398a41995e18acdabb0fc24652209291444b,1,249900000000000,43040000,152878,4961798,1743058347,0xc33c38d9417a52e2b2dd3f28adfbdaa14c4506b0e5ae76e09c9ed72266d97044,NewSale
0x529F71B8285ECbabF59359e9284E98AD05e683E7,77328,0xbc2d6E7c81E7f35473b3594031FCC4c519fD24Ad,1,0x64f7c019021ac74a68d90d08491ca43b2a632e71,1,15300000000000000000,43679231,161354,4961811,1743058373,0xbf36e12720dc2dc1647c82cb1cd69864f0749c987382d5dea6b440c5d172e05b,NewSale
0x2018ceDdf965FE5B0535d19D313BA5ADB1Ef6551,77198,0xbc2d6E7c81E7f35473b3594031FCC4c519fD24Ad,1,0x2c640e60c2b388a595ac805a2283f6b6f2ad7fec,1,249000000000000,43020000,152878,4961814,1743058379,0x3376021a079f7c9c5487b5f29c2d8abb0ecff314b80523bbf547dca87e697cea,NewSale
0xCC14Ea45c46526905FB88b6380f37632285E892E,77224,0xbc2d6E7c81E7f35473b3594031FCC4c519fD24Ad,1,0x45239f8d904485ef3cadb0b11af06936f407caf4,1,249000000000000,43153748,135778,4961817,1743058385,0xf02833f5783d666f3c81bd32d89f0ec28f028a26363aa3471264880f49b4a76b,NewSale
0x904d2d988F4AE16a50A97995EB0fc459381f2b6B,77213,0xbc2d6E7c81E7f35473b3594031FCC4c519fD24Ad,1,0xccfcf19d9bf2c1032f2079a002c930066dea13a5,1,249000000000000,43321265,135778,4961821,1743058393,0xcbaf47407ab7fcac5c2116c9a9afc4afa1dbaaebe9c3a941ac0d0fe6d24f486e,NewSale
0x529F71B8285ECbabF59359e9284E98AD05e683E7,77328,0xbc2d6E7c81E7f35473b3594031FCC4c519fD24Ad,1,0x64f7c019021ac74a68d90d08491ca43b2a632e71,1,15300000000000000000,43348041,161354,4961832,1743058415,0xb06edd841a19b27002d2357b0ac052df68837aa81214a337010ee52bf55666ea,NewSale
0xbAa9672503be4067CCc6eBB08BEe52af3e0b3b4C,77323,0x2Bf46D4497e98FbA2304B0d2453922FFf559Ea02,48,0xa683398a41995e18acdabb0fc24652209291444b,1,580000000000000,43450000,164783,4961841,1743058433,0x16690dbb1297ce4ec143a4411bba734de1e569ab7bcfb53008d47bb8136a4e3d,NewSale
0x529F71B8285ECbabF59359e9284E98AD05e683E7,77328,0xbc2d6E7c81E7f35473b3594031FCC4c519fD24Ad,1,0x64f7c019021ac74a68d90d08491ca43b2a632e71,1,15300000000000000000,44112577,161354,4961851,1743058453,0x786f11263490a560cacd0bbc3baf3fae2b96475757412cbd366e4d2656524a6f,NewSale
0x904e461Dab156B9B4b888951CA633Eda6D684347,74592,0xbc2d6E7c81E7f35473b3594031FCC4c519fD24Ad,0,0x1a754a95dd99b08241f5429a433993319de40149,1,286000000000000,43700628,140590,4961856,1743058463,0x5cf277c96049d0287a8b4f23a8df2ac6317f29a5f1970e5472641660a6088b01,NewSale
0x9281858d43fe81cb513A7886A292144d252dC455,77251,0xbc2d6E7c81E7f35473b3594031FCC4c519fD24Ad,1,0x2c640e60c2b388a595ac805a2283f6b6f2ad7fec,1,249000000000000,43640000,135778,4961860,1743058471,0x9a50d8fa343f68cb241acae255fa2dfe450122720bdb6e9138bd2e771c7ccafa,NewSale
0x529F71B8285ECbabF59359e9284E98AD05e683E7,77328,0xbc2d6E7c81E7f35473b3594031FCC4c519fD24Ad,1,0x64f7c019021ac74a68d90d08491ca43b2a632e71,1,15300000000000000000,44208418,161354,4961872,1743058495,0x4c87b321c28c668c08902d41920ad80913dde7d9b045a750718918e0b299f38d,NewSale
0xbAa9672503be4067CCc6eBB08BEe52af3e0b3b4C,77326,0x2Bf46D4497e98FbA2304B0d2453922FFf559Ea02,19,0xa683398a41995e18acdabb0fc24652209291444b,1,589000000000000,43740000,164783,4961877,1743058505,0x9c28311034dc54b99bf38a96cbb3af36bd910d215ba1269b18402455c9add6dd,NewSale
0x529F71B8285ECbabF59359e9284E98AD05e683E7,77328,0xbc2d6E7c81E7f35473b3594031FCC4c519fD24Ad,1,0x64f7c019021ac74a68d90d08491ca43b2a632e71,1,15300000000000000000,44243832,161354,4961892,1743058535,0xb7223c6acfd4e774ebc366a93918c1eee71778da99daa2cf1d6938e84df87415,NewSale
0x904e461Dab156B9B4b888951CA633Eda6D684347,74566,0xbc2d6E7c81E7f35473b3594031FCC4c519fD24Ad,0,0x1a754a95dd99b08241f5429a433993319de40149,1,286000000000000,44399274,140590,4961909,1743058569,0x0321e76792634098d5e92f60918b1d3a875c0f9c3bf7ef78558afe90a0fc09c2,NewSale
0x529F71B8285ECbabF59359e9284E98AD05e683E7,77328,0xbc2d6E7c81E7f35473b3594031FCC4c519fD24Ad,1,0x64f7c019021ac74a68d90d08491ca43b2a632e71,1,15300000000000000000,44439432,161354,4961913,1743058577,0x2dfd089a1e02dd72219e1fa1995e98dac2c1ead04c87de62da28cea41e8f5f3c,NewSale
0x164609fe5aE90Ee2110Fb9DF0b8E434e4EA313e3,77313,0xdc0F91C5a4D200FfC21658901c77c0fE1A14d199,0,0xa683398a41995e18acdabb0fc24652209291444b,1,590000000000000,44340000,162483,4961918,1743058587,0xe5087356a83758b08dfe67a397a47b612a4d21464f6037d407035f3489f261ee,NewSale
0xC0DEc165A5d6e6766Fbc35c977f89535899D0411,74893,0xbc2d6E7c81E7f35473b3594031FCC4c519fD24Ad,0,0x2c640e60c2b388a595ac805a2283f6b6f2ad7fec,1,249999990000000,44260000,142201,4961931,1743058613,0x6a3f7db2828be93432aa640dacb123973e0f4e49b3e0930a6e2f2f43ff6f192f,NewSale
0x529F71B8285ECbabF59359e9284E98AD05e683E7,77328,0xbc2d6E7c81E7f35473b3594031FCC4c519fD24Ad,1,0x64f7c019021ac74a68d90d08491ca43b2a632e71,1,15300000000000000000,44855565,161354,4961933,1743058617,0x470561ed69404a4289f4a82b714fe312183bbe88f75054adde067d42668444c6,NewSale
0xC0DEc165A5d6e6766Fbc35c977f89535899D0411,74893,0xbc2d6E7c81E7f35473b3594031FCC4c519fD24Ad,0,0x2c640e60c2b388a595ac805a2283f6b6f2ad7fec,1,249999990000000,44510000,142201,4961953,1743058657,0x1a4af76d91a389fd661fbd4ffd67e29520d84709fb07bd9e6bc03fccebbe783c,NewSale
0xbAa9672503be4067CCc6eBB08BEe52af3e0b3b4C,77308,0x2Bf46D4497e98FbA2304B0d2453922FFf559Ea02,51,0xa683398a41995e18acdabb0fc24652209291444b,1,500000000000000,44520000,164783,4961955,1743058661,0x5bba14e72c9012a09b04368860f39f7f2778b796e87c800d0860174a2472d9d8,NewSale
0x3EFD74E0a9247440Db6002C060cdE0bc5C96aF10,77338,0xbc2d6E7c81E7f35473b3594031FCC4c519fD24Ad,1,0x2c640e60c2b388a595ac805a2283f6b6f2ad7fec,1,249900000000000,45050000,135778,4961979,1743058709,0xf69041ee83d40d29a15c0b6f267f4ba84f4e7a6800423384410370bbdbb8c964,NewSale
0x575768a6e79f5b1D52AedD9D79609F0a987c96eF,74902,0xbc2d6E7c81E7f35473b3594031FCC4c519fD24Ad,0,0x1a754a95dd99b08241f5429a433993319de40149,1,280000000000000,45064057,140578,4961980,1743058711,0x1f82d6a7ebc09171b9332cb13a23bc19e871bf2439eae66e73b5150c21f9ca4f,NewSale
0xE4f4BaEd82d30f2244fE1722aeda37dEF4B38Ddc,76809,0x897d1cBBeDC44c8371672e8cA72555b5194D6D86,0,0xf4a3562ddcdb49b85163764ba3dfecbb23311665,1,1190000000000000,44919530,162499,4961987,1743058725,0xd6f29a6a5746bd8d3ff3358aa3b3a392ecf8d968731d85ef1c809b9b91e78bbe,NewSale
0x13da30997B2dfF7d99b820e6a8fc371080577520,77282,0xEB255E4669Da7FeEf1F746a5a778b4e08b65a1A7,0,0xa683398a41995e18acdabb0fc24652209291444b,1,600000000000000,45010000,162483,4962001,1743058753,0x2ad8ba3e9a0ed91e0ed6ebc2bb12d068e4388623f11e1cef7f3228d49db18b87,NewSale
0xC0DEc165A5d6e6766Fbc35c977f89535899D0411,74893,0xbc2d6E7c81E7f35473b3594031FCC4c519fD24Ad,0,0x2c640e60c2b388a595ac805a2283f6b6f2ad7fec,1,249999990000000,44850000,142201,4962048,1743058847,0x04a18315f32f4a33957cba068ac56b8f4e266e880211f7b8839a14f5519dae9f,NewSale
0x9B4D4B820E3786511190D2C54391107E766ff652,77343,0xbc2d6E7c81E7f35473b3594031FCC4c519fD24Ad,1,0x2c640e60c2b388a595ac805a2283f6b6f2ad7fec,1,249000000000000,44850000,135778,4962075,1743058901,0xfc20b0d5fca38daa2b3b1bdfda2fc409c80f4ec63ead1c61dfc81fe4ed48d518,NewSale
0x0d10a41CB8cf5FEEB00be965f373c7517A57d93C,77346,0x02e21A25F0038fa5BDEe9c0b77aC0c1E84d3d6f0,1887,0x2c640e60c2b388a595ac805a2283f6b6f2ad7fec,1,190000000000000,46630000,155246,4962145,1743059041,0xd3f2ea09d7b0e0963c676c2962d1dad1fe60463f092cbe077eb6d0553dbfe226,NewSale
0x0d10a41CB8cf5FEEB00be965f373c7517A57d93C,77336,0x02e21A25F0038fa5BDEe9c0b77aC0c1E84d3d6f0,1886,0xbaa9672503be4067ccc6ebb08bee52af3e0b3b4c,1,190000000000000,45730914,138146,4962190,1743059131,0xf43b0cc09ebd60ff6a82f55eeaec7f3ccd77a03f385929b06d152da4883d04a5,NewSale
0x6ae63aebC57568d3aed9Cdb73bB5A326D04da9Fd,77348,0xbc2d6E7c81E7f35473b3594031FCC4c519fD24Ad,1,0x67cb3cdcd2bb7240b9011f8dcfd046f70ef9d067,1,249000000000000,90553755,152878,4962201,1743059153,0x7bbe28a01e06adca973a291b6c0b279392b0321155eb7f969fb1d80c4e21d993,NewSale
0x529F71B8285ECbabF59359e9284E98AD05e683E7,77328,0xbc2d6E7c81E7f35473b3594031FCC4c519fD24Ad,1,0x64f7c019021ac74a68d90d08491ca43b2a632e71,1,15300000000000000000,46249714,154943,4962204,1743059159,0x0c347963ba20ee002afb4a70b42a677c59ce0ce49bc7db3fc93991dfa20a070e,NewSale
0x9AC72F0c170A2517523Ae1E3854687c740809656,77341,0xbc2d6E7c81E7f35473b3594031FCC4c519fD24Ad,1,0x45239f8d904485ef3cadb0b11af06936f407caf4,1,249000000000000,46164994,135778,4962223,1743059197,0xaed04d088ee789b32948a509933774f05d1aa18aa3e4b11f819e34341b97502b,NewSale
0x0d10a41CB8cf5FEEB00be965f373c7517A57d93C,77355,0x02e21A25F0038fa5BDEe9c0b77aC0c1E84d3d6f0,1893,0x2c640e60c2b388a595ac805a2283f6b6f2ad7fec,1,190000000000000,46250000,138146,4962273,1743059297,0x1fdee64fe8e1a885c69681fad5c054043c8fe81130c7f8d4dec9c86a1f9ac393,NewSale
0x0d10a41CB8cf5FEEB00be965f373c7517A57d93C,77353,0x02e21A25F0038fa5BDEe9c0b77aC0c1E84d3d6f0,1891,0x2c640e60c2b388a595ac805a2283f6b6f2ad7fec,1,190000000000000,45760000,138146,4962317,1743059385,0x180ba6778ac6690eafe2b4b86419d60535acd9c253b2d78b1d95a989b3ced198,NewSale
0x64f7C019021aC74A68D90D08491Ca43b2a632E71,77362,0xbc2d6E7c81E7f35473b3594031FCC4c519fD24Ad,1,0x529f71b8285ecbabf59359e9284e98ad05e683e7,1,15130000000000000000,89017911,178454,4962320,1743059391,0x349676cdcceb5e4e089574437f677137538325ff53535020f434797ef65fde56,NewSale
0x64f7C019021aC74A68D90D08491Ca43b2a632E71,77362,0xbc2d6E7c81E7f35473b3594031FCC4c519fD24Ad,1,0x529f71b8285ecbabf59359e9284e98ad05e683e7,1,15130000000000000000,45160241,161354,4962338,1743059427,0x0208fc109fc3fefd3cadea54400709c3cbab7cb9aa53c2fac2cc47d8959cb448,NewSale
0x64f7C019021aC74A68D90D08491Ca43b2a632E71,77362,0xbc2d6E7c81E7f35473b3594031FCC4c519fD24Ad,1,0x529f71b8285ecbabf59359e9284e98ad05e683e7,1,15130000000000000000,44438723,161354,4962359,1743059469,0x27f89612006ca0c4e0f5ef3976a405487692489fae4b426ca84e6051f34a9314,NewSale
0x64f7C019021aC74A68D90D08491Ca43b2a632E71,77362,0xbc2d6E7c81E7f35473b3594031FCC4c519fD24Ad,1,0x529f71b8285ecbabf59359e9284e98ad05e683e7,1,15130000000000000000,44087485,161354,4962379,1743059509,0x09627c853fb6de70b9f49387c0142299a0526d6f5e00173b71c031ddf5837944,NewSale
0x411cB4C9e2601f18062586c553943A81666Cc0a6,77351,0xbc2d6E7c81E7f35473b3594031FCC4c519fD24Ad,1,0xffcd3948a8e414d6d565d4f87612c01a1053f2ed,1,249000000000000,44067055,135778,4962380,1743059511,0x8d90f0d76c98e964f04de1f2ba42b1e0077cb792ee3dac17d44fb468c849491c,NewSale
0x64f7C019021aC74A68D90D08491Ca43b2a632E71,77362,0xbc2d6E7c81E7f35473b3594031FCC4c519fD24Ad,1,0x529f71b8285ecbabf59359e9284e98ad05e683e7,1,15130000000000000000,43583523,161354,4962399,1743059549,0x05bcb6f377f2de18de22af7045f57c98d9fa70cc35635ba1c611c0111a94a8da,NewSale
0xc91D6f29c737047D17694b7e424F96952817E6Ff,77367,0xbc2d6E7c81E7f35473b3594031FCC4c519fD24Ad,0,0x80fe121b69163e17bd4e9cc573652e29e48fa4ae,1,184000000000000,43375984,140578,4962404,1743059559,0x2eda385b0dda4a7533ef7d608313ec7a2916a9c1f25af95c23114694442b22f0,NewSale
0x64f7C019021aC74A68D90D08491Ca43b2a632E71,77362,0xbc2d6E7c81E7f35473b3594031FCC4c519fD24Ad,1,0x529f71b8285ecbabf59359e9284e98ad05e683e7,1,15130000000000000000,85060613,161354,4962420,1743059591,0x6e10e78c242af075f4d7f785b0373613237fdb73a2912d0788f7a244a392f46a,NewSale
0x64f7C019021aC74A68D90D08491Ca43b2a632E71,77362,0xbc2d6E7c81E7f35473b3594031FCC4c519fD24Ad,1,0x529f71b8285ecbabf59359e9284e98ad05e683e7,1,15130000000000000000,42630987,161354,4962440,1743059631,0x2c81fceddfa2bd7d574041c826bba87843cefd237e30a8946ba3e65f7e6db20d,NewSale
0x66907de460905CB2fc07d10e2c0031D610247684,76186,0x02e21A25F0038fa5BDEe9c0b77aC0c1E84d3d6f0,1649,0x3abc5690b25a25eb3185773b27423185ee29ac00,1,900000,42474377,155210,4962444,1743059639,0x94629530b0aec90e7f5a9e810c07b0499199b0d45f8c1f7672e6813c337ba147,NewSale
0x64f7C019021aC74A68D90D08491Ca43b2a632E71,77362,0xbc2d6E7c81E7f35473b3594031FCC4c519fD24Ad,1,0x529f71b8285ecbabf59359e9284e98ad05e683e7,1,15130000000000000000,83199223,161354,4962461,1743059673,0xdc1c073381e41e6ca11d2fdaa5d946a3954f10846d31133ea873ffb0dd6060f3,NewSale
0x64f7C019021aC74A68D90D08491Ca43b2a632E71,77362,0xbc2d6E7c81E7f35473b3594031FCC4c519fD24Ad,1,0x529f71b8285ecbabf59359e9284e98ad05e683e7,1,15130000000000000000,82090771,161354,4962481,1743059713,0x8abf2d6bf8a8cc2b4af4396518dca9d3ab22a916465e278637ff27d9b93b1163,NewSale
0x3DC67b89acb0756Cf0Bd57d8C49B28d9d8a597bb,77354,0xbc2d6E7c81E7f35473b3594031FCC4c519fD24Ad,1,0x057390c37c61c606e015f09c4d41b4663c55729c,1,249000000000000,45320000,152878,4962485,1743059721,0x85a48a366e807de1394953555a8c7bd7b0032005cf765ac6c422280664c75c5c,NewSale
0x64f7C019021aC74A68D90D08491Ca43b2a632E71,77362,0xbc2d6E7c81E7f35473b3594031FCC4c519fD24Ad,1,0x529f71b8285ecbabf59359e9284e98ad05e683e7,1,15130000000000000000,46158072,161354,4962501,1743059753,0x21f9e87b7552f67c13a892a4c20aaf80f84b50260214cae74ccbaec00f1d0e16,NewSale
0x64f7C019021aC74A68D90D08491Ca43b2a632E71,77362,0xbc2d6E7c81E7f35473b3594031FCC4c519fD24Ad,1,0x5d2235e99e6567af0a2719683170c8d70178b45a,1,15130000000000000000,79982534,182154,4962518,1743059787,0xe705e2a06b651785181a149e86cb4723e9d746ef2e3b1bdb9bf7e42a5377ba92,NewSale
0xA4E56D89Ccf3aA9317Aa2E7559f0FC6Ab3400396,77332,0xEB255E4669Da7FeEf1F746a5a778b4e08b65a1A7,0,0x773a48228a236cc42e097ab82f3bee3ed42e553d,1,2000000000000000,42590000,150171,4962519,1743059789,0xd278509c03166fa829c272c1d074de460f6dac5f6e4d49594d0572cf451aa747,NewSale
0xeF0Ef28b882d166B732d00A01Ea762B9CCd3FE44,77342,0xbc2d6E7c81E7f35473b3594031FCC4c519fD24Ad,1,0x45239f8d904485ef3cadb0b11af06936f407caf4,1,245000000000000,40286350,142189,4962523,1743059797,0xdb3542bd87e2e39cf3548db1f2b21a9efef32fa391be313188e8afb5fb8add44,NewSale
0x64f7C019021aC74A68D90D08491Ca43b2a632E71,77362,0xbc2d6E7c81E7f35473b3594031FCC4c519fD24Ad,1,0x529f71b8285ecbabf59359e9284e98ad05e683e7,1,15130000000000000000,79025300,161354,4962546,1743059843,0x86c1f0713a744f99f0baf275dac058b7c0575436f312dbf9929b81f233a82ca6,NewSale
0x64f7C019021aC74A68D90D08491Ca43b2a632E71,77362,0xbc2d6E7c81E7f35473b3594031FCC4c519fD24Ad,1,0x529f71b8285ecbabf59359e9284e98ad05e683e7,1,15130000000000000000,43322932,161354,4962566,1743059883,0x834ea2e2b1d58383f9bd7f9f09285f4107d73c49b9a908412337f7efd2379199,NewSale
0xeF0Ef28b882d166B732d00A01Ea762B9CCd3FE44,77342,0xbc2d6E7c81E7f35473b3594031FCC4c519fD24Ad,1,0x45239f8d904485ef3cadb0b11af06936f407caf4,1,245000000000000,39389179,142189,4962569,1743059889,0x761d04bdc5ca46c099afc7cce8a84d335075ec93f96c88570aef2736c55f2bf4,NewSale
0x64f7C019021aC74A68D90D08491Ca43b2a632E71,77362,0xbc2d6E7c81E7f35473b3594031FCC4c519fD24Ad,1,0x529f71b8285ecbabf59359e9284e98ad05e683e7,1,15130000000000000000,44744624,161354,4962587,1743059925,0x2cb831483590024cf95fe1d4c22527cc45f33a18f3965273ac0b6be7c17295c6,NewSale
0xeF0Ef28b882d166B732d00A01Ea762B9CCd3FE44,77342,0xbc2d6E7c81E7f35473b3594031FCC4c519fD24Ad,1,0x45239f8d904485ef3cadb0b11af06936f407caf4,1,245000000000000,38888108,142189,4962588,1743059927,0xc67025e2d38f77fe3b296059148eabd7fd05d7167101fdd4cc2d10fc02f7c563,NewSale
0xeF0Ef28b882d166B732d00A01Ea762B9CCd3FE44,77342,0xbc2d6E7c81E7f35473b3594031FCC4c519fD24Ad,1,0x45239f8d904485ef3cadb0b11af06936f407caf4,1,245000000000000,38719157,142189,4962604,1743059959,0x798b0e635f7854f6682c51ca26a0be4f0b102a2b552d512fa03d7816f2704a7d,NewSale
0x64f7C019021aC74A68D90D08491Ca43b2a632E71,77362,0xbc2d6E7c81E7f35473b3594031FCC4c519fD24Ad,1,0x529f71b8285ecbabf59359e9284e98ad05e683e7,1,15130000000000000000,59229883,161354,4962607,1743059965,0x5fd21cd06dc8b2e18b6d4607bea5681c638613eed457ddfac95bbdb0da55a3e7,NewSale
0xeF0Ef28b882d166B732d00A01Ea762B9CCd3FE44,77342,0xbc2d6E7c81E7f35473b3594031FCC4c519fD24Ad,1,0x45239f8d904485ef3cadb0b11af06936f407caf4,1,245000000000000,38359093,142189,4962622,1743059995,0xf9952093f4461f26fbc818ec1cb9b336b61758f678efa97247f42e3c50144003,NewSale
0x64f7C019021aC74A68D90D08491Ca43b2a632E71,77362,0xbc2d6E7c81E7f35473b3594031FCC4c519fD24Ad,1,0x529f71b8285ecbabf59359e9284e98ad05e683e7,1,15130000000000000000,75894802,161354,4962628,1743060007,0xae1c2e28f12691be360e562c2d2a0ec349010b6097f1ecc5d505506000f2a5f5,NewSale
0xdd115f825cc780217a08d5f71ecBb0430c064993,77359,0xbc2d6E7c81E7f35473b3594031FCC4c519fD24Ad,1,0xffcd3948a8e414d6d565d4f87612c01a1053f2ed,1,249000000000000,38419864,135778,4962637,1743060025,0xc06e838b2278342aa4469957664ab80d683c0bfec09fa49bb3a68d15e1d968c0,NewSale
0x033F59e2b12A77e5e9d19fe5Cc82eDBBdb6A384b,77316,0xbc2d6E7c81E7f35473b3594031FCC4c519fD24Ad,0,0xa683398a41995e18acdabb0fc24652209291444b,1,340000000000000,38950000,140590,4962638,1743060027,0xe9ade6e7a87cee5ebef4f08f31e1c9e468c57487bd01227798b6448d98e4faef,NewSale
0xeF0Ef28b882d166B732d00A01Ea762B9CCd3FE44,77342,0xbc2d6E7c81E7f35473b3594031FCC4c519fD24Ad,1,0x45239f8d904485ef3cadb0b11af06936f407caf4,1,245000000000000,38371383,142189,4962638,1743060027,0x29803973af98514d8b7dde12154397dbd805a75e3ea897661f6b23c367bfaae2,NewSale
0x64f7C019021aC74A68D90D08491Ca43b2a632E71,77362,0xbc2d6E7c81E7f35473b3594031FCC4c519fD24Ad,1,0x529f71b8285ecbabf59359e9284e98ad05e683e7,1,15130000000000000000,38215556,154943,4962648,1743060047,0x360ef62a873e0e09143ce698e0f1e761eb31ba98a6710b400672af8081cf3981,NewSale
0xeF0Ef28b882d166B732d00A01Ea762B9CCd3FE44,77342,0xbc2d6E7c81E7f35473b3594031FCC4c519fD24Ad,1,0x67cb3cdcd2bb7240b9011f8dcfd046f70ef9d067,1,245000000000000,74940904,142189,4962659,1743060069,0x2a967266112873c4f576876d7e4940b3b6e37a97bc7ca9d96cfdc3a47cbf30e6,NewSale
0x1ACef65F326a188C1bca5F30aa369507eF7cB99e,77372,0xbc2d6E7c81E7f35473b3594031FCC4c519fD24Ad,1,0x88b537c182e7295b9b6e01ac049f01846d6156ca,1,249000000000000,74770089,152878,4962729,1743060209,0xea141d947b4a95aa53c833a38adb95871dfba5325fcfd7a66e870c71ce252c3a,NewSale
0xeF0Ef28b882d166B732d00A01Ea762B9CCd3FE44,77342,0xbc2d6E7c81E7f35473b3594031FCC4c519fD24Ad,1,0x3b1399523f819ea4c4d3e76dddefaf4226c6ba57,1,245000000000000,38298373,159289,4962732,1743060215,0x89dcb0788a7b8fd63750e8ef25e95d35c2ab7551eff1c822cb489071cf748fe1,NewSale
0x6707f55841bd32046000227178D1D62EAa5581Fe,77379,0xbc2d6E7c81E7f35473b3594031FCC4c519fD24Ad,1,0x88b537c182e7295b9b6e01ac049f01846d6156ca,1,249900000000000,74385714,135778,4962792,1743060335,0x9de3d5f18890ff4eaa29bc67afc168e72424f6492d59b81bd1979cd32b98b57c,NewSale
0x0d10a41CB8cf5FEEB00be965f373c7517A57d93C,77381,0x02e21A25F0038fa5BDEe9c0b77aC0c1E84d3d6f0,1906,0x5bc61a5ee2276897a3d60c4387602390cc12e055,1,190000000000000,37863464,155246,4962792,1743060335,0x85a583c4d7dc5a4dc243aa2a5acb0302c9b913d17fe92d6498308ed7c874d9cf,NewSale
0x0d10a41CB8cf5FEEB00be965f373c7517A57d93C,77382,0x02e21A25F0038fa5BDEe9c0b77aC0c1E84d3d6f0,1907,0x5bc61a5ee2276897a3d60c4387602390cc12e055,1,190000000000000,37595182,138146,4962817,1743060385,0x8b63cfe062493d61ac7f15e2dd2b7cc223216eb5e679f3e74045b0adefb0860f,NewSale
0x529F71B8285ECbabF59359e9284E98AD05e683E7,77389,0xbc2d6E7c81E7f35473b3594031FCC4c519fD24Ad,1,0x64f7c019021ac74a68d90d08491ca43b2a632e71,1,15200000000000000000,57911882,178454,4962824,1743060399,0xe1c9cac97576ddeed64fc601e53be9bff35d8f273c41ef59d7d07f4cbc387605,NewSale
0x0d10a41CB8cf5FEEB00be965f373c7517A57d93C,77391,0x02e21A25F0038fa5BDEe9c0b77aC0c1E84d3d6f0,1910,0x4ba6a9fdab4dda3337da9a03e7cd0fe97a21de55,1,190000000000000,37310000,155246,4962840,1743060431,0xb76ac7ce1cec365e6c9041c2eeda187a617b6b6c977972bf23070f19667bf1eb,NewSale
0x529F71B8285ECbabF59359e9284E98AD05e683E7,77389,0xbc2d6E7c81E7f35473b3594031FCC4c519fD24Ad,1,0x64f7c019021ac74a68d90d08491ca43b2a632e71,1,15200000000000000000,73194740,161354,4962844,1743060439,0x3df417f1c926a2ffc0b4e5fe6f31e4fd8798da700c0af5bf8b37ed18d407b4f9,NewSale
0x529F71B8285ECbabF59359e9284E98AD05e683E7,77389,0xbc2d6E7c81E7f35473b3594031FCC4c519fD24Ad,1,0x64f7c019021ac74a68d90d08491ca43b2a632e71,1,15200000000000000000,56268882,161354,4962865,1743060481,0x023c53f231bc2ac839f83e792cc931935d30eb309da939a6bf68c81f3c57e4ba,NewSale
0x529F71B8285ECbabF59359e9284E98AD05e683E7,77389,0xbc2d6E7c81E7f35473b3594031FCC4c519fD24Ad,1,0x64f7c019021ac74a68d90d08491ca43b2a632e71,1,15200000000000000000,71601543,161354,4962885,1743060521,0x9c1e3900a17e508d50193de7e9c697ca539cf2840a1106615f0280871f88fa24,NewSale
0x529F71B8285ECbabF59359e9284E98AD05e683E7,77389,0xbc2d6E7c81E7f35473b3594031FCC4c519fD24Ad,1,0x64f7c019021ac74a68d90d08491ca43b2a632e71,1,15200000000000000000,71989012,161354,4962906,1743060563,0x0b56d63503ebbd4148558b2c50b1a9e9f0f4eb7ce47d4450d251787f575a3929,NewSale
0xbaeDf698469a056b5fFD358929a1CD5fE97E5834,76053,0x02e21A25F0038fa5BDEe9c0b77aC0c1E84d3d6f0,1967,0x5bc61a5ee2276897a3d60c4387602390cc12e055,1,390000000000000,36886292,138158,4962918,1743060587,0xf0379f8b080ef6280c1bc00f6c0857daff7324855ad98740f6e64382f8adff02,NewSale
0x529F71B8285ECbabF59359e9284E98AD05e683E7,77389,0xbc2d6E7c81E7f35473b3594031FCC4c519fD24Ad,1,0x64f7c019021ac74a68d90d08491ca43b2a632e71,1,15200000000000000000,36886735,161354,4962926,1743060603,0xba28baba78b89299b9fe4f689d390fb2e32f95a63244ebf985eaf186e31df4b3,NewSale
0x161324631C0Fa0Af5de534E43BEB1DE3Ba90128a,77399,0xbc2d6E7c81E7f35473b3594031FCC4c519fD24Ad,0,0xa925650e051423e3811400a9479d3e8d56f9a4fa,1,1000000000000000000,38580000,158631,4962933,1743060617,0xf3b6b3cf5addff615a73c9aa05bf1b799b1b9aab6bf71808debcb668c81c5a61,NewSale
0x529F71B8285ECbabF59359e9284E98AD05e683E7,77389,0xbc2d6E7c81E7f35473b3594031FCC4c519fD24Ad,1,0x64f7c019021ac74a68d90d08491ca43b2a632e71,1,15200000000000000000,37519873,161354,4962946,1743060643,0x91d92a125ad6946fd2b228f1b37c9c5cfcce5d77a76615ccaa82169706f1b826,NewSale
0x4Cc934D2caFa3BfB431C7D34eB0e6b8d11F0ad7C,76123,0x02e21A25F0038fa5BDEe9c0b77aC0c1E84d3d6f0,1968,0x5bc61a5ee2276897a3d60c4387602390cc12e055,1,390000000000000,36997936,138158,4962955,1743060661,0x8b83f8ff3fb3bd50aa3f68bd61a8d5136b8f1fa258eaf082b118e6930644ba43,NewSale
0x529F71B8285ECbabF59359e9284E98AD05e683E7,77389,0xbc2d6E7c81E7f35473b3594031FCC4c519fD24Ad,1,0x64f7c019021ac74a68d90d08491ca43b2a632e71,1,15200000000000000000,72198475,161354,4962966,1743060683,0xe2f94c49565e1a122e9ab857bc0131eae16926edff58c5cbd9ba3bb7deafb6a1,NewSale
0x0BbDc74d7522aeA1D4820dB9B770b49F42a0dbdD,77374,0xbc2d6E7c81E7f35473b3594031FCC4c519fD24Ad,1,0x88b537c182e7295b9b6e01ac049f01846d6156ca,1,249000000000000,72238214,135778,4962975,1743060701,0x1512768eae3fd82a8f36c67cef606566f41f6780ca1f1282c8203bfd09eb894e,NewSale
0x161324631C0Fa0Af5de534E43BEB1DE3Ba90128a,77402,0xbc2d6E7c81E7f35473b3594031FCC4c519fD24Ad,0,0xa925650e051423e3811400a9479d3e8d56f9a4fa,1,1000000000000000000,37010000,163431,4962982,1743060715,0x1de6273a7cee15aebe5efdb5513cf59709ffed9a3639b7c342f21bf663dad37c,NewSale
0x529F71B8285ECbabF59359e9284E98AD05e683E7,77389,0xbc2d6E7c81E7f35473b3594031FCC4c519fD24Ad,1,0x64f7c019021ac74a68d90d08491ca43b2a632e71,1,15200000000000000000,38325355,161354,4962986,1743060723,0x0bd8931c880817c7ee876026cdf42a338253201c771f2e6e5792c44789f2f09d,NewSale
0x529F71B8285ECbabF59359e9284E98AD05e683E7,77389,0xbc2d6E7c81E7f35473b3594031FCC4c519fD24Ad,1,0x64f7c019021ac74a68d90d08491ca43b2a632e71,1,15200000000000000000,72337761,161354,4963007,1743060765,0x13b1ac791ba3b86f6e7d2c1d3ee3f757155bf89c130ab78c8aaf86d006c6a518,NewSale
0xeF0Ef28b882d166B732d00A01Ea762B9CCd3FE44,77342,0xbc2d6E7c81E7f35473b3594031FCC4c519fD24Ad,1,0x67cb3cdcd2bb7240b9011f8dcfd046f70ef9d067,1,245000000000000,72511997,142189,4963018,1743060787,0x591b495655fd8f1a5b97a57662b44b87fc07e3697cdcaa0f4297ba69568652e5,NewSale
0x529F71B8285ECbabF59359e9284E98AD05e683E7,77389,0xbc2d6E7c81E7f35473b3594031FCC4c519fD24Ad,1,0x64f7c019021ac74a68d90d08491ca43b2a632e71,1,15200000000000000000,42226362,161354,4963027,1743060805,0x1b682722ba3d1e02349a6a4128260c02a6e35b0bf157016a3175546b0dc7a6eb,NewSale
0x057390c37c61C606e015F09c4D41B4663C55729c,77377,0xbc2d6E7c81E7f35473b3594031FCC4c519fD24Ad,1,0x644b61207a74adc74dad87cb4aae5413a4f17ebe,1,242000000000000,37120000,152878,4963031,1743060813,0x1b199d71c15b9559dbf1a4d1c9e9865199ff48a26cd589eca2a7e6cfaab0f914,NewSale
0xeF0Ef28b882d166B732d00A01Ea762B9CCd3FE44,77342,0xbc2d6E7c81E7f35473b3594031FCC4c519fD24Ad,1,0x67cb3cdcd2bb7240b9011f8dcfd046f70ef9d067,1,245000000000000,72234613,135778,4963042,1743060835,0xe6f4d1e6aa7645a0ca184caec1a57fcdddc60e5fa7e2b02e63eb7ea8ae6fc0df,NewSale
0x529F71B8285ECbabF59359e9284E98AD05e683E7,77389,0xbc2d6E7c81E7f35473b3594031FCC4c519fD24Ad,1,0x64f7c019021ac74a68d90d08491ca43b2a632e71,1,15200000000000000000,38115711,161354,4963047,1743060845,0xced293612607a9bb47253e4fadbc598bbf01418b5ac7182b68aa4e90436250ad,NewSale
0x161324631C0Fa0Af5de534E43BEB1DE3Ba90128a,77405,0xbc2d6E7c81E7f35473b3594031FCC4c519fD24Ad,0,0xa925650e051423e3811400a9479d3e8d56f9a4fa,1,1000000000000000000,37140000,158631,4963048,1743060847,0x9debeb841b6f5f61e0864aeabdfcdac25de2232f346283ec2f5ecc46561b6022,NewSale
0x529F71B8285ECbabF59359e9284E98AD05e683E7,77389,0xbc2d6E7c81E7f35473b3594031FCC4c519fD24Ad,1,0x64f7c019021ac74a68d90d08491ca43b2a632e71,1,15200000000000000000,36489517,161354,4963068,1743060887,0xd87e29988f3378da251b749ad4cf9b17e164e61962c98d84cfefc9e87a806489,NewSale
0x4Cc934D2caFa3BfB431C7D34eB0e6b8d11F0ad7C,76125,0x02e21A25F0038fa5BDEe9c0b77aC0c1E84d3d6f0,1966,0x5bc61a5ee2276897a3d60c4387602390cc12e055,1,390000000000000,36293804,138158,4963080,1743060911,0x741e993726aff3f1f7efd8e3650891b983cbe4a107faca4dea83c99b367cd7e5,NewSale
0x9633Fe0ECa228de9adeeF75A017653A0Cf627F03,77365,0xbc2d6E7c81E7f35473b3594031FCC4c519fD24Ad,1,0x67cb3cdcd2bb7240b9011f8dcfd046f70ef9d067,1,249000000000000,71536342,135778,4963082,1743060915,0x98a0ab7562128fe2f5f116f221bec1585a6d5a2e5775b45e7e0a8cf258252021,NewSale
0x51Dd5f6820DCbDba622b19ACaeAc2cdf04503cb7,77404,0xbc2d6E7c81E7f35473b3594031FCC4c519fD24Ad,1,0x4ba6a9fdab4dda3337da9a03e7cd0fe97a21de55,1,249000000000000,36790000,135778,4963082,1743060915,0xfecf487b536c3de7c1b07f56f33614e5f831ef386a2e7d31a5c96d71ef396556,NewSale
0x529F71B8285ECbabF59359e9284E98AD05e683E7,77389,0xbc2d6E7c81E7f35473b3594031FCC4c519fD24Ad,1,0x64f7c019021ac74a68d90d08491ca43b2a632e71,1,15200000000000000000,71219118,161354,4963088,1743060927,0x2ca5b16ee7bec835dc81c7154fb546b7b3f434dd0d418f83f9cd8d91e0797800,NewSale
0x46DD290A71146f23c4891e644B85B1bD78370f4B,77398,0xbc2d6E7c81E7f35473b3594031FCC4c519fD24Ad,0,0x67cb3cdcd2bb7240b9011f8dcfd046f70ef9d067,1,500000000000000,70751771,142201,4963103,1743060957,0x924a86fc24c11b32cdb960fce63377e9ff5c575c5a3ee3e95b1ea99fa0ee675f,NewSale
0x529F71B8285ECbabF59359e9284E98AD05e683E7,77389,0xbc2d6E7c81E7f35473b3594031FCC4c519fD24Ad,1,0x64f7c019021ac74a68d90d08491ca43b2a632e71,1,15200000000000000000,39550184,161354,4963108,1743060967,0xbf53af3ab6dc7fa9d8e6771e5cad83e1a7ca2ca67ccd59b192a111ae71058cb5,NewSale
0x1852c803284582F9f82e87C90A0C8929B4136188,77401,0xbc2d6E7c81E7f35473b3594031FCC4c519fD24Ad,1,0x67cb3cdcd2bb7240b9011f8dcfd046f70ef9d067,1,249000000000000,69892177,135778,4963120,1743060991,0x1db78067f22f5b43f4a4400b81dc64e7ad62e29a834f82052d879e78a9322bfd,NewSale
0x41f07238C5096Eb7eb68c50FE8AE5AdDECBBF5C2,73591,0xbFCACb23F0B41EeEDFf7d04f52CE8f5125150806,7,0xab02f54b71634b3a769e353f946e6fec3161c2bb,1,500000000000000,69806682,164783,4963131,1743061013,0x29a742b5ddfba2ff0789548bef7c8b709d42572ee6fa319fc76ece1abb230a9f,NewSale
0x4Cc934D2caFa3BfB431C7D34eB0e6b8d11F0ad7C,76126,0x02e21A25F0038fa5BDEe9c0b77aC0c1E84d3d6f0,1973,0x5bc61a5ee2276897a3d60c4387602390cc12e055,1,390000000000000,35439544,138158,4963139,1743061029,0x3791f28f408e14a7556c2ec3ea5df95593119e2f207be4dff73ea97fdfa67d0c,NewSale
0x8505E4D753193aF3C2F80Bc8b8159725758194D1,77231,0x7e5F161dd824d98AC3474eBf550716d0cb83E8C6,0,0xab02f54b71634b3a769e353f946e6fec3161c2bb,1,490000000000000,69686927,167283,4963149,1743061049,0x454728c9dd66fe5174fcfbfc8dac64b6e3695d3f17c4b5e5e4da79e2011a9996,NewSale
0x4D7BcA0F420D33c6743BB67cFf148Fea9F426218,77333,0xbc2d6E7c81E7f35473b3594031FCC4c519fD24Ad,1,0x67cb3cdcd2bb7240b9011f8dcfd046f70ef9d067,1,249900000000000,69578249,135778,4963154,1743061059,0xcd534f2b5df41eb7126fe53808f95a741860de07c043c87dc63aa4d6b80c3ac2,NewSale
0x209B6C6AB564d19fC31d6322A8cDA553BADc2C70,77400,0x02e21A25F0038fa5BDEe9c0b77aC0c1E84d3d6f0,1756,0x4ba6a9fdab4dda3337da9a03e7cd0fe97a21de55,1,290000000000000,35510000,138158,4963169,1743061089,0x72cde46fa4bf473a0a6d7c252fbcb5d36c22eed762f8e502ae6dfc60bc35f653,NewSale
0x529F71B8285ECbabF59359e9284E98AD05e683E7,77389,0xbc2d6E7c81E7f35473b3594031FCC4c519fD24Ad,1,0x64f7c019021ac74a68d90d08491ca43b2a632e71,1,15200000000000000000,35587846,154943,4963172,1743061095,0x0ed7c252da527429a46438b931032dd73600fc642b581cc98eb58002c4204416,NewSale
0xC0DEc165A5d6e6766Fbc35c977f89535899D0411,74893,0xbc2d6E7c81E7f35473b3594031FCC4c519fD24Ad,0,0xc0fc03fb27f55176e6fce8d94582716ae0d4aa29,1,249999990000000,35630000,159301,4963182,1743061115,0x0e065b8e3319c4bcedd41f0005d3bb422c2fdc9fa7cdaa9fe1e5958aab666941,NewSale
0xA925650e051423e3811400A9479D3E8D56f9A4fa,77413,0xbc2d6E7c81E7f35473b3594031FCC4c519fD24Ad,0,0x161324631c0fa0af5de534e43beb1de3ba90128a,1,1000000000000000000,35760000,180543,4963198,1743061147,0x98158fdf98f1141d9699d44d673679b28a7677679d58aec308752ce8e771123b,NewSale
0x64f7C019021aC74A68D90D08491Ca43b2a632E71,77415,0xbc2d6E7c81E7f35473b3594031FCC4c519fD24Ad,1,0x529f71b8285ecbabf59359e9284e98ad05e683e7,1,15520000000000000000,36262473,178454,4963233,1743061217,0x2d7912f90681db1ffaa73834986e596d3f7673fd177d8db01c86766e06a82bb1,NewSale
0xa153b13b05744Dd33311565005589bD31a13cb8c,77334,0xdc0F91C5a4D200FfC21658901c77c0fE1A14d199,0,0x2f85519624cfd2f7f91f02b63d4abf4b9efa6734,1,1600000,36400000,220292,4963250,1743061251,0x2f21f2cf461d1dc3f3cdd5f3d8f380cfa8abe69f16c5b47bc72a5e6569754b1f,NewSale
0xF7fD886E4FA2E962BD4be2C48DBe04F6fbdD4126,77416,0xbc2d6E7c81E7f35473b3594031FCC4c519fD24Ad,1,0x1f033ca633c81ebeee968f6935f1031a8d58e209,1,249900000000000,36400000,135778,4963252,1743061255,0xdd93251c619fe3049c5a51b3d8048eed74219d506d221de2e872e27485b62f2a,NewSale
0x64f7C019021aC74A68D90D08491Ca43b2a632E71,77415,0xbc2d6E7c81E7f35473b3594031FCC4c519fD24Ad,1,0x529f71b8285ecbabf59359e9284e98ad05e683e7,1,15520000000000000000,37147559,161354,4963254,1743061259,0x604e1f331d87d691dcb093cbceadac4ac64999bee4925613d508bd5def866f2e,NewSale
0xA925650e051423e3811400A9479D3E8D56f9A4fa,77420,0xbc2d6E7c81E7f35473b3594031FCC4c519fD24Ad,0,0x161324631c0fa0af5de534e43beb1de3ba90128a,1,1000000000000000000,36680000,163443,4963262,1743061275,0x001f8606014698cc3d48fa9753c91c5c9d7959407c881492be8450c76f46dd03,NewSale
0x64f7C019021aC74A68D90D08491Ca43b2a632E71,77415,0xbc2d6E7c81E7f35473b3594031FCC4c519fD24Ad,1,0x529f71b8285ecbabf59359e9284e98ad05e683e7,1,15520000000000000000,37302758,161354,4963274,1743061299,0x520d303e711344f837c59251188117cf86c5cbe57d776c927807e0dc4437e567,NewSale
0x64f7C019021aC74A68D90D08491Ca43b2a632E71,77415,0xbc2d6E7c81E7f35473b3594031FCC4c519fD24Ad,1,0x529f71b8285ecbabf59359e9284e98ad05e683e7,1,15520000000000000000,37813177,161354,4963294,1743061339,0xb620bdae2c34032d21f4b13f87e18e8156e93586e657d02890d003eddc5dde68,NewSale
0x64f7C019021aC74A68D90D08491Ca43b2a632E71,77415,0xbc2d6E7c81E7f35473b3594031FCC4c519fD24Ad,1,0x529f71b8285ecbabf59359e9284e98ad05e683e7,1,15520000000000000000,72121053,161354,4963314,1743061379,0x643e7034aea88a8178271d4ca3e0a950c75931268a320240f5be25a67f65fc10,NewSale
0xA925650e051423e3811400A9479D3E8D56f9A4fa,77424,0xbc2d6E7c81E7f35473b3594031FCC4c519fD24Ad,0,0x161324631c0fa0af5de534e43beb1de3ba90128a,1,1000000000000000000,37950000,163443,4963322,1743061395,0x67b301359e0091b1684290c2954ca4296f768349531ab3d08359bdac448733c2,NewSale
0x64f7C019021aC74A68D90D08491Ca43b2a632E71,77415,0xbc2d6E7c81E7f35473b3594031FCC4c519fD24Ad,1,0x529f71b8285ecbabf59359e9284e98ad05e683e7,1,15520000000000000000,72461610,161354,4963334,1743061419,0xe57270d9c414ba59a7431e6d3c8bd48f27919e701d0e97a0b609c5a24b41c2ff,NewSale
0x6d5E540Be75bB44F7a5bBC8204544a4F2E7A357d,77339,0xdc0F91C5a4D200FfC21658901c77c0fE1A14d199,0,0x17938c048abd322a7931ffadc65b1170859e5e48,1,500000000000000,38190000,145383,4963340,1743061431,0x8ce45605c67b9621158188f7efa4e76d7c42d67c9b3bf4c64fdd23e9a6cfc398,NewSale
0x64f7C019021aC74A68D90D08491Ca43b2a632E71,77415,0xbc2d6E7c81E7f35473b3594031FCC4c519fD24Ad,1,0x529f71b8285ecbabf59359e9284e98ad05e683e7,1,15520000000000000000,72863343,161354,4963355,1743061461,0x10501fa6aeebec28d616311b7daea33919b00d441c426d972ac62db24d6a0527,NewSale
0xA925650e051423e3811400A9479D3E8D56f9A4fa,77427,0xbc2d6E7c81E7f35473b3594031FCC4c519fD24Ad,0,0x161324631c0fa0af5de534e43beb1de3ba90128a,1,1000000000000000000,38630000,158643,4963358,1743061467,0x677ccdafc1be10f034f7048cc5a47794ed8d9361bac637a42dbc39f8ead11092,NewSale
0x0b9FAc0537929E24163E648498FC681ad8080ca2,77412,0xbc2d6E7c81E7f35473b3594031FCC4c519fD24Ad,1,0x88b537c182e7295b9b6e01ac049f01846d6156ca,1,249900000000000,73253224,135778,4963375,1743061501,0x18cd413a5dda6cb57acaf89ac814eacfdc62f767fa5e38b2842d7fcec0456aa0,NewSale
0x64f7C019021aC74A68D90D08491Ca43b2a632E71,77415,0xbc2d6E7c81E7f35473b3594031FCC4c519fD24Ad,1,0x529f71b8285ecbabf59359e9284e98ad05e683e7,1,15520000000000000000,39717528,161354,4963376,1743061503,0xf72a32da0706972abb8432e181df9a318b2ff114354cef043f03a340706af051,NewSale
0xdBa51516D87188d16Cb11d8146708De22f01B0b3,77417,0xbc2d6E7c81E7f35473b3594031FCC4c519fD24Ad,1,0x1e4ef986a851b85b01ae95575fc3f103969c36ce,1,249000000000000,39170000,152878,4963380,1743061511,0x68232bb45adc58828d042b81874cf8dbbf774993db2d288b544f69223de402db,NewSale
0x64f7C019021aC74A68D90D08491Ca43b2a632E71,77415,0xbc2d6E7c81E7f35473b3594031FCC4c519fD24Ad,1,0x529f71b8285ecbabf59359e9284e98ad05e683e7,1,15520000000000000000,40378521,161354,4963396,1743061543,0x3a4f9323919466a3fe244189c6f1679a7ca1d6997c4d399f074967fb05a69bbf,NewSale
0xC0DEc165A5d6e6766Fbc35c977f89535899D0411,74893,0xbc2d6E7c81E7f35473b3594031FCC4c519fD24Ad,0,0x67cb3cdcd2bb7240b9011f8dcfd046f70ef9d067,1,249999990000000,74461953,142201,4963402,1743061555,0x15e058084346d06f7e290942256edf391dfa36c3fad909aa73d44e06eaac7d37,NewSale
0xC0DEc165A5d6e6766Fbc35c977f89535899D0411,74893,0xbc2d6E7c81E7f35473b3594031FCC4c519fD24Ad,0,0x88b537c182e7295b9b6e01ac049f01846d6156ca,1,249999990000000,74513627,159301,4963404,1743061559,0x5e60ba509eebe9071f1c41daef7f9fe6f45e472de6a614b6c424f91bd7a42429,NewSale
0x64f7C019021aC74A68D90D08491Ca43b2a632E71,77415,0xbc2d6E7c81E7f35473b3594031FCC4c519fD24Ad,1,0x529f71b8285ecbabf59359e9284e98ad05e683e7,1,15520000000000000000,40572921,161354,4963417,1743061585,0x297521496f770b1c09ac9410f30a96c7ba3538a1f1c52d17ca48c1d4f40d990c,NewSale
0xC0DEc165A5d6e6766Fbc35c977f89535899D0411,74893,0xbc2d6E7c81E7f35473b3594031FCC4c519fD24Ad,0,0x67cb3cdcd2bb7240b9011f8dcfd046f70ef9d067,1,249999990000000,74687871,142201,4963419,1743061589,0x9e8faabac07d81ce0d50dbcf321edcafbb64b93d2d970e5f1c7a043b77fd4acd,NewSale
0x161324631C0Fa0Af5de534E43BEB1DE3Ba90128a,77434,0xbc2d6E7c81E7f35473b3594031FCC4c519fD24Ad,0,0xa925650e051423e3811400a9479d3e8d56f9a4fa,1,1000000000000000000,40550000,180531,4963433,1743061617,0x2f816be5cf4010fc0fdc5f6fb1d5cd0bc08ee1a8e25ea1fc08b9f0dfa71278df,NewSale
0x64f7C019021aC74A68D90D08491Ca43b2a632E71,77415,0xbc2d6E7c81E7f35473b3594031FCC4c519fD24Ad,1,0x529f71b8285ecbabf59359e9284e98ad05e683e7,1,15520000000000000000,45730254,161354,4963437,1743061625,0xb962b9a9bb7fee5ce0b95762a8a1fbe4f52ed4ef9d4d55d22221caa8316b8548,NewSale
0xC0DEc165A5d6e6766Fbc35c977f89535899D0411,74893,0xbc2d6E7c81E7f35473b3594031FCC4c519fD24Ad,0,0x67cb3cdcd2bb7240b9011f8dcfd046f70ef9d067,1,249999990000000,74794569,142201,4963452,1743061655,0x35757d2625984abea75aa0ee0a0777a3880dbfd6b5b648d4a1611645510a640d,NewSale
0x64f7C019021aC74A68D90D08491Ca43b2a632E71,77415,0xbc2d6E7c81E7f35473b3594031FCC4c519fD24Ad,1,0x529f71b8285ecbabf59359e9284e98ad05e683e7,1,15520000000000000000,45999945,161354,4963457,1743061665,0x23e923fd46d42641f232439c0dd40f5d1fb30bc1f824461c1dc82bcf2621c013,NewSale
0x30b23fe3d422be147735502388C80abA4c1b56F7,77423,0xbc2d6E7c81E7f35473b3594031FCC4c519fD24Ad,1,0xa864abb5be059306685ca773bc83a63a2f3903eb,1,249000000000000,40960000,135778,4963460,1743061671,0x89ec9521d55fd94a4005cc8fee9ae44cd4fbdfa815c514f048a06660d0bff084,NewSale
0x161324631C0Fa0Af5de534E43BEB1DE3Ba90128a,77441,0xbc2d6E7c81E7f35473b3594031FCC4c519fD24Ad,0,0xa925650e051423e3811400a9479d3e8d56f9a4fa,1,1000000000000000000,45050000,163431,4963465,1743061681,0x2f5294b2fe4cef2969e59abc02b2fffa8250575fd923e440b48822a8adff51c9,NewSale
0x64f7C019021aC74A68D90D08491Ca43b2a632E71,77415,0xbc2d6E7c81E7f35473b3594031FCC4c519fD24Ad,1,0x529f71b8285ecbabf59359e9284e98ad05e683e7,1,15520000000000000000,46766746,161354,4963477,1743061705,0x32ccbaab029375db32e64cb6ebdd8d84fc0fdc45c57b08845e19edfdf766dd55,NewSale
0x64f7C019021aC74A68D90D08491Ca43b2a632E71,77415,0xbc2d6E7c81E7f35473b3594031FCC4c519fD24Ad,1,0x529f71b8285ecbabf59359e9284e98ad05e683e7,1,15520000000000000000,42017172,161354,4963498,1743061747,0x6efa9a22edeb599451db506b224435b7127d0aa28700444b7fd32c2fb2276fc9,NewSale
0x161324631C0Fa0Af5de534E43BEB1DE3Ba90128a,77443,0xbc2d6E7c81E7f35473b3594031FCC4c519fD24Ad,0,0xa925650e051423e3811400a9479d3e8d56f9a4fa,1,1000000000000000000,41630000,158631,4963499,1743061749,0x90105423956bd67f5a055aa196e7a12be67b3b36946ccdaca19b06e16e27dcf8,NewSale
0xCef4c719F5D5B840688aA8D94AB3521fA19A6B21,77419,0xbc2d6E7c81E7f35473b3594031FCC4c519fD24Ad,1,0xa864abb5be059306685ca773bc83a63a2f3903eb,1,249900000000000,41630000,135778,4963502,1743061755,0xcd6b14215269970c95f1b31252968c685060d708bba7f009ab65a720f2977631,NewSale
0x64f7C019021aC74A68D90D08491Ca43b2a632E71,77415,0xbc2d6E7c81E7f35473b3594031FCC4c519fD24Ad,1,0x529f71b8285ecbabf59359e9284e98ad05e683e7,1,15520000000000000000,42341531,161354,4963518,1743061787,0x5c133f75f296cb1b3e08c7b595a5e9b8fa3633a3704e8043abe63930a6be4519,NewSale
0xC0DEc165A5d6e6766Fbc35c977f89535899D0411,74893,0xbc2d6E7c81E7f35473b3594031FCC4c519fD24Ad,0,0x88b537c182e7295b9b6e01ac049f01846d6156ca,1,249999990000000,76247231,142201,4963523,1743061797,0xc9685c2596d835a9ad3e12a0d7e8028b0e33ab2a375916450d4e3c8174794d1e,NewSale
0x82C19a434966C3317e44DA0231271C4efe96F95c,77373,0xbc2d6E7c81E7f35473b3594031FCC4c519fD24Ad,1,0x3de36d1b89511b08ff694da2eb8ec3da5123333e,1,249900000000000,42591870,152878,4963525,1743061801,0x5ebbcf092ee4ce96e1129d727661c6789b8d3cd334deb12461a2a6ab22d56fc3,NewSale
0x161324631C0Fa0Af5de534E43BEB1DE3Ba90128a,77447,0xbc2d6E7c81E7f35473b3594031FCC4c519fD24Ad,0,0xa925650e051423e3811400a9479d3e8d56f9a4fa,1,1000000000000000000,42280000,158631,4963538,1743061827,0xa331b1f1fee6e6367b549fea810dfef76a0c58feabcd736252da9907840b98be,NewSale
0xbAa9672503be4067CCc6eBB08BEe52af3e0b3b4C,77410,0x2Bf46D4497e98FbA2304B0d2453922FFf559Ea02,65,0xa864abb5be059306685ca773bc83a63a2f3903eb,1,670000000000000,43210000,164783,4963562,1743061875,0xb74e2d5fc5c809f885c6ba648a3228eb444f27123c41e44b29563a4756f82cf3,NewSale
0xA925650e051423e3811400A9479D3E8D56f9A4fa,77455,0xbc2d6E7c81E7f35473b3594031FCC4c519fD24Ad,0,0x161324631c0fa0af5de534e43beb1de3ba90128a,1,1000000000000000000,44430000,180543,4963601,1743061953,0xce05c5a0099a065f6e490b07c58fd2f0563526a1fdfdb3f22cf986083b54bb5a,NewSale
0xeF0Ef28b882d166B732d00A01Ea762B9CCd3FE44,77430,0xbc2d6E7c81E7f35473b3594031FCC4c519fD24Ad,1,0x88b537c182e7295b9b6e01ac049f01846d6156ca,1,245000000000000,51958470,142189,4963624,1743061999,0x14c1b4466391fc3620937c37fe12e2574d6c6d3ea5c0533e07970ef36246063a,NewSale
0x4E4D641002b9DD97E0A1fA524B499956F2a47c17,77356,0xbc2d6E7c81E7f35473b3594031FCC4c519fD24Ad,1,0x94c87bd25190d493af0a803d47b94098fa64e038,1,249000000000000,45186356,135778,4963628,1743062007,0xac43f2749e604cc74f4afffe1c906a130b4d31b9576bd4914e82a5baccab6fb6,NewSale
0xA925650e051423e3811400A9479D3E8D56f9A4fa,77459,0xbc2d6E7c81E7f35473b3594031FCC4c519fD24Ad,0,0x161324631c0fa0af5de534e43beb1de3ba90128a,1,1000000000000000000,45080000,163443,4963631,1743062013,0xce06b840f5d1c425e86a4cdb6ae44e219435b1e367f0b3f8abe6c0f3ccf5db16,NewSale
0xd26B630e274c1011289Fa314201ff5b08689Cab5,77429,0xbc2d6E7c81E7f35473b3594031FCC4c519fD24Ad,1,0x88e49c15b9cbaf3a3ad6c00a1f03420b58b10c19,1,249000000000000,45508192,135778,4963664,1743062079,0xb04ce34fd1dbf39bb067b7085c9373162637549bf8b75001fbe383f9b8ebd00a,NewSale
0xA925650e051423e3811400A9479D3E8D56f9A4fa,77463,0xbc2d6E7c81E7f35473b3594031FCC4c519fD24Ad,0,0x161324631c0fa0af5de534e43beb1de3ba90128a,1,1000000000000000000,45280000,163443,4963664,1743062079,0x279d03ac23ed40569e75db9f9a12125ccb46504d1ec355359db61bc3ff3e18c0,NewSale
0xeF0Ef28b882d166B732d00A01Ea762B9CCd3FE44,77430,0xbc2d6E7c81E7f35473b3594031FCC4c519fD24Ad,1,0x88b537c182e7295b9b6e01ac049f01846d6156ca,1,245000000000000,52547960,142189,4963677,1743062105,0xa5e88f742fb1685388d3d70580b4fbac4fb9420a43ee99d413290b8eb0cc984e,NewSale
0xb9E0097968Df5e63cCe477CAD389d107454c83e4,77456,0xbc2d6E7c81E7f35473b3594031FCC4c519fD24Ad,1,0x88e49c15b9cbaf3a3ad6c00a1f03420b58b10c19,1,249900000000000,46117638,135778,4963692,1743062135,0xeab1559f21038c3d1f0e5c9f16de7e9eb3525f6064afed3e09bde019a2f20514,NewSale
0xeF0Ef28b882d166B732d00A01Ea762B9CCd3FE44,77430,0xbc2d6E7c81E7f35473b3594031FCC4c519fD24Ad,1,0x94c87bd25190d493af0a803d47b94098fa64e038,1,245000000000000,46211171,142189,4963696,1743062143,0xab3333bb341d0938095f867055047842af065e71b22564ef4c85421b05f061f7,NewSale
0xA925650e051423e3811400A9479D3E8D56f9A4fa,77465,0xbc2d6E7c81E7f35473b3594031FCC4c519fD24Ad,0,0x161324631c0fa0af5de534e43beb1de3ba90128a,1,1000000000000000000,46160000,158643,4963699,1743062149,0x8f45751ded3248a7b34528f52b97791402ecd12493ecc10057fa5ba8f2cc6aa0,NewSale
0x64f7C019021aC74A68D90D08491Ca43b2a632E71,77415,0xbc2d6E7c81E7f35473b3594031FCC4c519fD24Ad,1,0xe1e02f1bcccbf3588bed38426068c36a49a10f7f,1,15520000000000000000,60000000,175743,4963719,1743062189,0xba24dfa5fba9c308307b6834a9d0ec87e8e88eda14e2228a6e8827dfee795975,NewSale
0x8E0a1d894d3EC72587f806CC58bA6CC5c044E5ea,77375,0xbc2d6E7c81E7f35473b3594031FCC4c519fD24Ad,1,0x94c87bd25190d493af0a803d47b94098fa64e038,1,249000000000000,47969571,135778,4963747,1743062245,0x146404bf6625f4ce4aa2fe9106aea0ae6d470e42f0b79724c68e4443faf1dc2f,NewSale
0x330B553487BC90848dc930DB21C02e0743Bd77B4,76877,0xdc0F91C5a4D200FfC21658901c77c0fE1A14d199,0,0x3ea41fbf5bf237e1c2167b39a3dae5d5cd199131,1,600000000000000,47980000,145383,4963754,1743062259,0xa754df296e4c958e610f0314d09559794b94a991ef1938faa061535b07cc693c,NewSale
0x80fe121B69163E17bd4e9CC573652e29E48fa4ae,77329,0xbc2d6E7c81E7f35473b3594031FCC4c519fD24Ad,0,0xe1e02f1bcccbf3588bed38426068c36a49a10f7f,1,19800000000000000000,50000000,165066,4963760,1743062271,0x02bd071e2927117b4c8e3913e9b2b7a0236a408bc5ce28265612d1a028e29a90,NewSale
0xeF0Ef28b882d166B732d00A01Ea762B9CCd3FE44,77430,0xbc2d6E7c81E7f35473b3594031FCC4c519fD24Ad,1,0xfe92e2c31fd2f98d46ae4edf9d6e6103dd130ae0,1,245000000000000,47860000,159289,4963762,1743062275,0xe0c7c5d9c353e17287369f2f3bd65c719a644647c6e32024ecab2c9cabba9e32,NewSale
0x80fe121B69163E17bd4e9CC573652e29E48fa4ae,77273,0xbc2d6E7c81E7f35473b3594031FCC4c519fD24Ad,0,0xe1e02f1bcccbf3588bed38426068c36a49a10f7f,1,20000000000000000000,52000000,165066,4963787,1743062325,0x6b6544447bf839ca780dde00f971fa43d3f0a7ea7f18f9f3cc3f0f16c50b9650,NewSale
0x0fc3245DEF97D1D42eaB98e6e4B108d0D6aB7b20,77472,0xbc2d6E7c81E7f35473b3594031FCC4c519fD24Ad,0,0xeb1e446eabd6705c9a8bc43882865463e0a92c7d,1,240000000000000,49166452,140566,4963803,1743062357,0x3882ec9d911686dd57bd065a68b5800b22457e1c01e7ae0a4c62687b104baccf,NewSale
0x5Bc61A5ee2276897a3d60C4387602390Cc12e055,77442,0x02e21A25F0038fa5BDEe9c0b77aC0c1E84d3d6f0,1906,0x86c888577ddc1b7b06d8d2b1d111c55553c446bd,1,300000000000000,50441120,155258,4963842,1743062435,0x4c78688f124e4f0ea9341cc8bfd7746abbea088762ce01523db88d0d81652412,NewSale
0x80fe121B69163E17bd4e9CC573652e29E48fa4ae,77329,0xbc2d6E7c81E7f35473b3594031FCC4c519fD24Ad,0,0xe1e02f1bcccbf3588bed38426068c36a49a10f7f,1,19800000000000000000,52000000,165066,4963861,1743062473,0xba70882afe716f24274ff1b06442d7a07384b132980de4472e4f72716edcc2b2,NewSale
0x529F71B8285ECbabF59359e9284E98AD05e683E7,77495,0xbc2d6E7c81E7f35473b3594031FCC4c519fD24Ad,1,0xe1e02f1bcccbf3588bed38426068c36a49a10f7f,1,15000000000000000000,52000000,165054,4963879,1743062509,0x0c7f6c79915688e9d3d781923bcbf49b19c833ad4daa22f32d7daf806d05f689,NewSale
0x529F71B8285ECbabF59359e9284E98AD05e683E7,77495,0xbc2d6E7c81E7f35473b3594031FCC4c519fD24Ad,1,0x64f7c019021ac74a68d90d08491ca43b2a632e71,1,15000000000000000000,51331939,178454,4963881,1743062513,0xc76ae98cf8ce5c1b110a303ead01a6f717d77e30b24a38d43a3df1e59032c942,NewSale
0xeF0Ef28b882d166B732d00A01Ea762B9CCd3FE44,77430,0xbc2d6E7c81E7f35473b3594031FCC4c519fD24Ad,1,0x88b537c182e7295b9b6e01ac049f01846d6156ca,1,245000000000000,51492815,142189,4963892,1743062535,0x539b1c822675efeb91b2d0df4d55c3aa240e4bb438a3d52565f9d64f197a716d,NewSale
0x80fe121B69163E17bd4e9CC573652e29E48fa4ae,77273,0xbc2d6E7c81E7f35473b3594031FCC4c519fD24Ad,0,0xe1e02f1bcccbf3588bed38426068c36a49a10f7f,1,20000000000000000000,52000000,165066,4963901,1743062553,0x4ec853590e2e03f19d0b177856c81cc14b62425d82408d43743f2eeb9f8307ce,NewSale
0xeb418E53EFcDc351137C9A81c70967b8D7063f4C,77448,0x7e5F161dd824d98AC3474eBf550716d0cb83E8C6,0,0x646367976015d2dd45907b1d228096efd10fe43a,1,500000000000000,51521461,164783,4963901,1743062553,0x42b931f3b78490d7720fc4a821af2c83dfb895457b603a9c81c53f3b5c0e45d3,NewSale
0x529F71B8285ECbabF59359e9284E98AD05e683E7,77495,0xbc2d6E7c81E7f35473b3594031FCC4c519fD24Ad,1,0x64f7c019021ac74a68d90d08491ca43b2a632e71,1,15000000000000000000,51521461,161354,4963901,1743062553,0x9f4ab8a16787448b1e713ba42256aefff0d9e07234b657625de6f10368195715,NewSale
0x4Cc934D2caFa3BfB431C7D34eB0e6b8d11F0ad7C,76127,0x02e21A25F0038fa5BDEe9c0b77aC0c1E84d3d6f0,1972,0x86c888577ddc1b7b06d8d2b1d111c55553c446bd,1,390000000000000,51491610,133358,4963909,1743062569,0xbd38f79eff976b61d9065e3a33d9d257c53de7db135b380f6725fdcf87b81a15,NewSale
0x529F71B8285ECbabF59359e9284E98AD05e683E7,77495,0xbc2d6E7c81E7f35473b3594031FCC4c519fD24Ad,1,0x64f7c019021ac74a68d90d08491ca43b2a632e71,1,15000000000000000000,51571624,161354,4963922,1743062595,0x70ef244a62a595ae7f69643418c6e95bbbf53703518205f947cd7616f078fc7e,NewSale
0x200906C976Db39638435f99bE5F0c8D8773c8FD4,77454,0xbc2d6E7c81E7f35473b3594031FCC4c519fD24Ad,1,0x644b61207a74adc74dad87cb4aae5413a4f17ebe,1,249900000000000,51389056,135778,4963925,1743062601,0x88688d1fc5fce395368bfaaabbd66eea5fb1715f33e63c96b7904f047b751d03,NewSale
0x80fe121B69163E17bd4e9CC573652e29E48fa4ae,77329,0xbc2d6E7c81E7f35473b3594031FCC4c519fD24Ad,0,0xe1e02f1bcccbf3588bed38426068c36a49a10f7f,1,19800000000000000000,54000000,165066,4963933,1743062617,0x028290f6829b9d0818d6783cda9965e735e6dd19bf00684d1048e8ce9a510352,NewSale
0x529F71B8285ECbabF59359e9284E98AD05e683E7,77495,0xbc2d6E7c81E7f35473b3594031FCC4c519fD24Ad,1,0x64f7c019021ac74a68d90d08491ca43b2a632e71,1,15000000000000000000,52149491,161354,4963942,1743062635,0x6df0e462fd1a649b0264c91a20cd9c1109fa5671613715f8798730e717e815e2,NewSale
0x529F71B8285ECbabF59359e9284E98AD05e683E7,77495,0xbc2d6E7c81E7f35473b3594031FCC4c519fD24Ad,1,0xa85e1783c99edc8dd1cb00d27f7e98ffd354a026,1,15000000000000000000,53000000,182142,4963945,1743062641,0x73a2c0aa7c1ced2881ee7154bdd1693e9dce6dd02822a2f90a9d24f3e2796ba5,NewSale
0x0fc3245DEF97D1D42eaB98e6e4B108d0D6aB7b20,77483,0xbc2d6E7c81E7f35473b3594031FCC4c519fD24Ad,0,0x0b6b7e1630814ac4492886745b34013e0f34d368,1,200000000000000,52159852,140578,4963946,1743062643,0x9c40925715ff796a741196ba1e6ee16e1d5fb15ceeb52d777a4e1ba8102b4fc1,NewSale
0x37C9a72f7699dF5270a8C409411391F2df0EcC94,74865,0x02e21A25F0038fa5BDEe9c0b77aC0c1E84d3d6f0,1877,0x86c888577ddc1b7b06d8d2b1d111c55553c446bd,1,430000000000000,52110798,133358,4963947,1743062645,0xfc8e6071c69c69bc3749c54fbabd312bb339ca80898b586415331eac0748b923,NewSale
0x529F71B8285ECbabF59359e9284E98AD05e683E7,77495,0xbc2d6E7c81E7f35473b3594031FCC4c519fD24Ad,1,0xe1e02f1bcccbf3588bed38426068c36a49a10f7f,1,15000000000000000000,54000000,165054,4963955,1743062661,0x52f4608c022d681d4ce3bd4ff825429f5e10342af80b1c41d5a7c55dde687ec1,NewSale
0x529F71B8285ECbabF59359e9284E98AD05e683E7,77495,0xbc2d6E7c81E7f35473b3594031FCC4c519fD24Ad,1,0x64f7c019021ac74a68d90d08491ca43b2a632e71,1,15000000000000000000,52468580,161354,4963963,1743062677,0xc2dd4e2d28f722fec29bfff5a3c03ce0e9cfdc580639b1b49e320218be327c9c,NewSale
0x529F71B8285ECbabF59359e9284E98AD05e683E7,77495,0xbc2d6E7c81E7f35473b3594031FCC4c519fD24Ad,1,0xa85e1783c99edc8dd1cb00d27f7e98ffd354a026,1,15000000000000000000,53000000,165042,4963969,1743062689,0xac33ba7b93101095722940594ce0d8ba35efd9551edb90273ded00efe665c312,NewSale
0x80fe121B69163E17bd4e9CC573652e29E48fa4ae,77273,0xbc2d6E7c81E7f35473b3594031FCC4c519fD24Ad,0,0xe1e02f1bcccbf3588bed38426068c36a49a10f7f,1,20000000000000000000,54000000,165066,4963978,1743062707,0xa50faee0364d51690849fd45de802691e5ba9f43f4b00e506d729f557da90e38,NewSale
0x529F71B8285ECbabF59359e9284E98AD05e683E7,77495,0xbc2d6E7c81E7f35473b3594031FCC4c519fD24Ad,1,0x64f7c019021ac74a68d90d08491ca43b2a632e71,1,15000000000000000000,52671334,161354,4963983,1743062717,0x231628b250ec001cd5f5512b3c97af25ed6a4b9b1957e0a338303a1e9f59acea,NewSale
0x80fe121B69163E17bd4e9CC573652e29E48fa4ae,77273,0xbc2d6E7c81E7f35473b3594031FCC4c519fD24Ad,0,0xa85e1783c99edc8dd1cb00d27f7e98ffd354a026,1,20000000000000000000,53000000,165054,4963996,1743062743,0x2843ad707d5ca0faca3f6ee33a12e234d32197d1e4a8dee15b0a176e6c93e3a8,NewSale
0xeB1e446EaBd6705c9A8bc43882865463e0A92C7d,77501,0xbc2d6E7c81E7f35473b3594031FCC4c519fD24Ad,0,0x0b6b7e1630814ac4492886745b34013e0f34d368,1,190000000000000,52905257,140578,4964002,1743062755,0x73a7128b08331b9aa1c862f3a94ca0dcfc2e57953c0e08303b83f1e3f4b28501,NewSale
0x529F71B8285ECbabF59359e9284E98AD05e683E7,77495,0xbc2d6E7c81E7f35473b3594031FCC4c519fD24Ad,1,0x64f7c019021ac74a68d90d08491ca43b2a632e71,1,15000000000000000000,52803730,161354,4964003,1743062757,0x53300df564a0c7aaf335b9c28e08c7be38ea782661af4f7c66ce866f412b0ab0,NewSale
0x529F71B8285ECbabF59359e9284E98AD05e683E7,77495,0xbc2d6E7c81E7f35473b3594031FCC4c519fD24Ad,1,0xe1e02f1bcccbf3588bed38426068c36a49a10f7f,1,15000000000000000000,54000000,165054,4964004,1743062759,0x403c8a43e8aad6be8859892fab4127645f5253399710e399a47602e78c5e234c,NewSale
0x529F71B8285ECbabF59359e9284E98AD05e683E7,77495,0xbc2d6E7c81E7f35473b3594031FCC4c519fD24Ad,1,0xa85e1783c99edc8dd1cb00d27f7e98ffd354a026,1,15000000000000000000,53000000,165042,4964007,1743062765,0x3adcad75b01ac53c314edc021639bdbf73b3538168648ba609680e6d9cbde92e,NewSale
0x80fe121B69163E17bd4e9CC573652e29E48fa4ae,77329,0xbc2d6E7c81E7f35473b3594031FCC4c519fD24Ad,0,0xa85e1783c99edc8dd1cb00d27f7e98ffd354a026,1,19800000000000000000,53000000,165054,4964019,1743062789,0x6d51da751c1026ed682bd8ace233e9aa6a63dda4bacd6fcea07cca5fd4909b95,NewSale
0x529F71B8285ECbabF59359e9284E98AD05e683E7,77495,0xbc2d6E7c81E7f35473b3594031FCC4c519fD24Ad,1,0x64f7c019021ac74a68d90d08491ca43b2a632e71,1,15000000000000000000,53558854,161354,4964023,1743062797,0x7b231f42840776cf855fc5f261957da387b808bc20706eb274db92a18f5bc99f,NewSale
0x0fc3245DEF97D1D42eaB98e6e4B108d0D6aB7b20,77487,0xbc2d6E7c81E7f35473b3594031FCC4c519fD24Ad,0,0xeb1e446eabd6705c9a8bc43882865463e0a92c7d,1,200000000000000,53651452,140578,4964024,1743062799,0x0f839cbc990fa2f4b3fc52afb7098948a7128ed2df7b887ba33ee47b2439a134,NewSale
0x80fe121B69163E17bd4e9CC573652e29E48fa4ae,77329,0xbc2d6E7c81E7f35473b3594031FCC4c519fD24Ad,0,0xa85e1783c99edc8dd1cb00d27f7e98ffd354a026,1,19800000000000000000,53000000,165054,4964034,1743062819,0x24c4eb4f0817e548b387136de6ea3396f9ccc0fa801537497652b639d104cf54,NewSale
0x0fc3245DEF97D1D42eaB98e6e4B108d0D6aB7b20,77485,0xbc2d6E7c81E7f35473b3594031FCC4c519fD24Ad,0,0x0b6b7e1630814ac4492886745b34013e0f34d368,1,200000000000000,53845499,140578,4964036,1743062823,0x5a33876a2e0de5e33ffffc35c6b47a3839b42f4033ae1c97e9d1e9569ee3d3e9,NewSale
0x0fc3245DEF97D1D42eaB98e6e4B108d0D6aB7b20,77491,0xbc2d6E7c81E7f35473b3594031FCC4c519fD24Ad,0,0xeb1e446eabd6705c9a8bc43882865463e0a92c7d,1,200000000000000,54060189,140578,4964042,1743062835,0x355aa8320aaa56ae8d624c0d3caf201d3c56ac5b929f593f68e579a9c231a17c,NewSale
0x529F71B8285ECbabF59359e9284E98AD05e683E7,77495,0xbc2d6E7c81E7f35473b3594031FCC4c519fD24Ad,1,0x64f7c019021ac74a68d90d08491ca43b2a632e71,1,15000000000000000000,53991488,154943,4964043,1743062837,0x3fe48e5b06af6420648b38ade5bd74d24d891d6489fb1790dcd41e0f5d0e60c1,NewSale
0x0fc3245DEF97D1D42eaB98e6e4B108d0D6aB7b20,77493,0xbc2d6E7c81E7f35473b3594031FCC4c519fD24Ad,0,0x877bfd84480d236ff4209050eee02cfbcc0bcc27,1,200000000000000,54216238,140578,4964048,1743062847,0xb6733f5ce99f54ea98a73f2a0bddf0ade5e4f8d82f3e60e6b8f0bdd9568fb483,NewSale
0x0fc3245DEF97D1D42eaB98e6e4B108d0D6aB7b20,77489,0xbc2d6E7c81E7f35473b3594031FCC4c519fD24Ad,0,0xa0e8e0c524c3fee4d838766d54b917be2a017fc0,1,200000000000000,100000000,152878,4964055,1743062861,0x7eaf336553e9cd4d1949d3208c6316fff8732862c01c4c54135e4c3803ad4ec5,NewSale
0xe0c543446646c78bc13ACAfdf4650ab508279d29,75896,0xbc2d6E7c81E7f35473b3594031FCC4c519fD24Ad,1,0x64f7c019021ac74a68d90d08491ca43b2a632e71,1,35000000000000000000,54687196,154955,4964063,1743062877,0xc861f26f4d84d4f3881e88f4efba499838bda22cbcfe24dedd2941fcf9246e1f,NewSale
0xeB1e446EaBd6705c9A8bc43882865463e0A92C7d,77499,0xbc2d6E7c81E7f35473b3594031FCC4c519fD24Ad,0,0x30a9b07f6da41c0de7d717b2e48060f02e9d995e,1,200000000000000,54430000,140578,4964064,1743062879,0x5f626925d09be504949cba6f4d53b3bb8f154e86888b28667d2960fa54d7f60d,NewSale
0x88E49C15b9CBAf3A3aD6c00A1F03420B58B10C19,77497,0xbc2d6E7c81E7f35473b3594031FCC4c519fD24Ad,1,0xeb1e446eabd6705c9a8bc43882865463e0a92c7d,1,230000000000000,54857958,157678,4964075,1743062901,0x19588e1ceba67fae3ef8a1f8ced4159ad1a13688c289ab5ba5e748956e2f9dc9,NewSale
0xbCD8340Ddd89dE48Fd202273C2D4FfEd0d34a8c4,77496,0xbc2d6E7c81E7f35473b3594031FCC4c519fD24Ad,1,0x1f033ca633c81ebeee968f6935f1031a8d58e209,1,249900000000000,54680000,135778,4964077,1743062905,0xe185c052e3815497f8caef4f233b35a1417774070f9e795488cab2fccc15c3c7,NewSale
0x66907de460905CB2fc07d10e2c0031D610247684,76178,0x02e21A25F0038fa5BDEe9c0b77aC0c1E84d3d6f0,1643,0x86c888577ddc1b7b06d8d2b1d111c55553c446bd,1,900000,54992686,171117,4964082,1743062915,0xffef9516da56f6667b06890431f06fb2aac4cdcd5f7fbd0bc6e89fcca6de6907,NewSale
0xd6424cA422cC83e8210D32cFdcF7E3b457f08989,41420,0xbc2d6E7c81E7f35473b3594031FCC4c519fD24Ad,1,0x64f7c019021ac74a68d90d08491ca43b2a632e71,1,100000000000000000000,54974983,154943,4964083,1743062917,0x0998e6f97e08eb1496bfdf54a8e562e61da83072ae9be3748235cf3a771ac3fc,NewSale
0x88E49C15b9CBAf3A3aD6c00A1F03420B58B10C19,77506,0xbc2d6E7c81E7f35473b3594031FCC4c519fD24Ad,0,0x30a9b07f6da41c0de7d717b2e48060f02e9d995e,1,230000000000000,54850000,135778,4964085,1743062921,0x165d0bce2b5cc4fd2355cc544d6efd22e3d7a85a72d933d6d24f73c1aae67825,NewSale
0x88E49C15b9CBAf3A3aD6c00A1F03420B58B10C19,77508,0xbc2d6E7c81E7f35473b3594031FCC4c519fD24Ad,1,0xeb1e446eabd6705c9a8bc43882865463e0a92c7d,1,200000000000000,55398301,140578,4964093,1743062937,0x7859cd284570e6eb47e2f3775ff5a83f4bb7e59c8c8359d1353cee89fe474b59,NewSale
0x80fe121B69163E17bd4e9CC573652e29E48fa4ae,77329,0xbc2d6E7c81E7f35473b3594031FCC4c519fD24Ad,0,0xa85e1783c99edc8dd1cb00d27f7e98ffd354a026,1,19800000000000000000,59000000,165054,4964099,1743062949,0x4548f125788c99c10c851cd73bbecd64e8ac9145422cd5af4f7250188c4b45db,NewSale
0x80fe121B69163E17bd4e9CC573652e29E48fa4ae,77273,0xbc2d6E7c81E7f35473b3594031FCC4c519fD24Ad,0,0xa85e1783c99edc8dd1cb00d27f7e98ffd354a026,1,20000000000000000000,59000000,165054,4964115,1743062981,0x3a43377fdc2a1ec7244d7c3d14afe47df2524d8568420080b818d43538419c53,NewSale
0x88B537c182E7295B9B6e01AC049f01846d6156CA,77504,0xbc2d6E7c81E7f35473b3594031FCC4c519fD24Ad,0,0x30a9b07f6da41c0de7d717b2e48060f02e9d995e,1,241000000000000,56140000,140578,4964115,1743062981,0xcc836aaab3fecfde761861d400a1564031514d74962e4d2e72a5caded4fdb7bd,NewSale
0x88E49C15b9CBAf3A3aD6c00A1F03420B58B10C19,77511,0xbc2d6E7c81E7f35473b3594031FCC4c519fD24Ad,1,0x30a9b07f6da41c0de7d717b2e48060f02e9d995e,1,210000000000000,57120000,157678,4964129,1743063009,0xdb0b027dca76b921ae340f9f1365a0c2c0ab21a067e1d23e500c1d54eb45831c,NewSale
0x80fe121B69163E17bd4e9CC573652e29E48fa4ae,77329,0xbc2d6E7c81E7f35473b3594031FCC4c519fD24Ad,0,0xa85e1783c99edc8dd1cb00d27f7e98ffd354a026,1,19800000000000000000,59000000,165054,4964133,1743063017,0x5ab75aa0208b56cf8db26b67c3d5e17cc0cf173711c90228aeea7536e94450f1,NewSale
0x66907de460905CB2fc07d10e2c0031D610247684,76182,0x02e21A25F0038fa5BDEe9c0b77aC0c1E84d3d6f0,1645,0x86c888577ddc1b7b06d8d2b1d111c55553c446bd,1,900000,58391324,171117,4964137,1743063025,0x65819185e65e9303ea42efa5859434df328846297e41e22b29f44f3f66a9924f,NewSale
0xeF0Ef28b882d166B732d00A01Ea762B9CCd3FE44,77430,0xbc2d6E7c81E7f35473b3594031FCC4c519fD24Ad,1,0xeb1e446eabd6705c9a8bc43882865463e0a92c7d,1,245000000000000,58365633,142189,4964140,1743063031,0x85719592d41990f0a3f5779649b1763e3e6c272c0d4e0706b3731e8868c1d8ae,NewSale
0x8498EE7c43336533F03aC1298D43Cdc943E8fd77,77444,0xbc2d6E7c81E7f35473b3594031FCC4c519fD24Ad,1,0x0b6b7e1630814ac4492886745b34013e0f34d368,1,249000000000000,58510049,152878,4964147,1743063045,0x43cc9b9bdf9ac18b9e9b8caf3175e7979a7d8c9d041042f23a3b043b65f9098d,NewSale
0x5F2D89ad8Dc24E6c4E10FC6Be9BF435C3473323b,77502,0xbc2d6E7c81E7f35473b3594031FCC4c519fD24Ad,1,0x644b61207a74adc74dad87cb4aae5413a4f17ebe,1,249900000000000,58530342,135778,4964156,1743063063,0x3733e59108b68ea4b39e18f968c4c6b46832e3868741bc9972f116e28613b5c8,NewSale
0x751558F4D5E6aC4D44894e701Ca468A2f98512De,66823,0xbc2d6E7c81E7f35473b3594031FCC4c519fD24Ad,0,0xa85e1783c99edc8dd1cb00d27f7e98ffd354a026,1,34000000000000000000,59000000,165054,4964157,1743063065,0x0b95d2b70dcb756e868a73cdad8e669e0ef427a583554be69f17a14f1f5b3634,NewSale
0x20683b7398f3E5CAd97Fe6317D85e8AC2Fd7f124,77255,0x02e21A25F0038fa5BDEe9c0b77aC0c1E84d3d6f0,2018,0x86c888577ddc1b7b06d8d2b1d111c55553c446bd,1,300000000000000,60174313,138158,4964192,1743063135,0x37a039605b157952e715c96af6e5b5f9bd50b04e9e70d035259f5bdc4b621759,NewSale
0x8fc8F44a5aAfAFd9820993c6f1aCf7778afb350c,77327,0xbc2d6E7c81E7f35473b3594031FCC4c519fD24Ad,1,0x0b6b7e1630814ac4492886745b34013e0f34d368,1,249900000000000,60138964,135778,4964193,1743063137,0x5cef32fd1b27940dc7eb64e5926431940b2cc479947fa41cf779bf5445b3867d,NewSale
0xeb418E53EFcDc351137C9A81c70967b8D7063f4C,77484,0x7e5F161dd824d98AC3474eBf550716d0cb83E8C6,2,0x1f033ca633c81ebeee968f6935f1031a8d58e209,1,30000000000000000000,60420000,186930,4964211,1743063173,0x7a99ea7ce7add9b9103592e12cf9105d23f9446baad86b60ac611381af7c3001,NewSale
0x20683b7398f3E5CAd97Fe6317D85e8AC2Fd7f124,77258,0x02e21A25F0038fa5BDEe9c0b77aC0c1E84d3d6f0,2022,0x86c888577ddc1b7b06d8d2b1d111c55553c446bd,1,300000000000000,60948040,138158,4964217,1743063185,0x1f05cd141b07cec1851daa355db201cfa98baeb00b583dbc262c5f921fd0bc95,NewSale
0x0fc3245DEF97D1D42eaB98e6e4B108d0D6aB7b20,77494,0x897d1cBBeDC44c8371672e8cA72555b5194D6D86,0,0x2acad0b7b237f4f9c54537d8c6fdf1c6d6c2c976,1,500000000000000,61488049,162499,4964228,1743063207,0x4e3c0b50b9d96ca86d8a55b1cc4ba2116fdc6d5305d4ff2e9c3dd7f89eb2efe5,NewSale
0xeB1e446EaBd6705c9A8bc43882865463e0A92C7d,77520,0xbc2d6E7c81E7f35473b3594031FCC4c519fD24Ad,0,0x0b6b7e1630814ac4492886745b34013e0f34d368,1,190000000000000,61712569,140578,4964237,1743063225,0x31345532a06e28a81f3475bced9475c8bdf60eb69bfb8ef9beda42a8b98b83ce,NewSale
0x20683b7398f3E5CAd97Fe6317D85e8AC2Fd7f124,77257,0x02e21A25F0038fa5BDEe9c0b77aC0c1E84d3d6f0,2021,0x86c888577ddc1b7b06d8d2b1d111c55553c446bd,1,300000000000000,62701475,138158,4964262,1743063275,0xe085afd3abaf3004afa86ded3bc89075d5af4b72ed0968d663411e3672299057,NewSale
0xFE92E2C31Fd2F98d46AE4edF9d6e6103Dd130aE0,77522,0xbc2d6E7c81E7f35473b3594031FCC4c519fD24Ad,1,0x6d0fbf8c3193aaff16373ae3c5f61977516133ab,1,200000000000000,63072595,152878,4964275,1743063301,0x3344897e30316476487d3b03f7836abdccb10740d62daf8fa1bac72dc77d074a,NewSale
0x37A72900b74FBe509a3536B7297abCeb35e5c20E,77418,0xbc2d6E7c81E7f35473b3594031FCC4c519fD24Ad,1,0x409a071448624e04c258d0b806b613a073adff66,1,249000000000000,63090678,152878,4964288,1743063327,0x38afe18e8ffe78ec15c5c8514090f6186f5e60beff08d2f4647f93fcdc204371,NewSale
0xeB1e446EaBd6705c9A8bc43882865463e0A92C7d,77524,0xbc2d6E7c81E7f35473b3594031FCC4c519fD24Ad,0,0x0b6b7e1630814ac4492886745b34013e0f34d368,1,210000000000000,63034768,135778,4964289,1743063329,0x028458c955a0736291dccc5a084bf48bb219ba2e1e0978b0599e05545a14ed8a,NewSale
0x644b61207A74adc74dAd87cb4aAE5413a4F17EbE,77550,0xbc2d6E7c81E7f35473b3594031FCC4c519fD24Ad,1,0x80fe121b69163e17bd4e9cc573652e29e48fa4ae,1,150000000000000,63227514,140578,4964329,1743063409,0x7bc2d0b60e756d315af6876738e086d151a90824ea17b36c53c41c3a53164df6,NewSale
0x88E49C15b9CBAf3A3aD6c00A1F03420B58B10C19,77525,0xbc2d6E7c81E7f35473b3594031FCC4c519fD24Ad,1,0xeb1e446eabd6705c9a8bc43882865463e0a92c7d,1,210000000000000,63651464,140578,4964334,1743063419,0x49a226c6c43a9905bdf73c9fdfddab7753ca34f81e7f9be103c3c5de675b2a89,NewSale
0x30A9b07f6dA41c0de7d717b2E48060f02e9d995e,77532,0xbc2d6E7c81E7f35473b3594031FCC4c519fD24Ad,0,0xeb1e446eabd6705c9a8bc43882865463e0a92c7d,1,230000000000000,64717387,157678,4964351,1743063453,0xb65b0563eea1f56be743e808a399859a97d9d8606a3a37edd088d5f24a5457d8,NewSale
0xeB1e446EaBd6705c9A8bc43882865463e0A92C7d,77534,0xbc2d6E7c81E7f35473b3594031FCC4c519fD24Ad,1,0x6d0fbf8c3193aaff16373ae3c5f61977516133ab,1,230000000000000,65721313,140578,4964396,1743063543,0x26a1ebc7d26c31b9af6d8a72ca080d30e5d6d548e785db09fc40215085c42831,NewSale
0xeB1e446EaBd6705c9A8bc43882865463e0A92C7d,77559,0xbc2d6E7c81E7f35473b3594031FCC4c519fD24Ad,0,0x6e604fcb0b1647eb1e388745a07ec76e257b8253,1,190000000000000,71239121,152878,4964471,1743063693,0x688549be8744c519738105f4f212ed19068840ebf1a269e54157406ba517ce44,NewSale
0x20683b7398f3E5CAd97Fe6317D85e8AC2Fd7f124,77259,0x02e21A25F0038fa5BDEe9c0b77aC0c1E84d3d6f0,2019,0x86c888577ddc1b7b06d8d2b1d111c55553c446bd,1,300000000000000,71228401,138158,4964474,1743063699,0x56291f2909f63b69f3045de2a28a3e960116e356a7f8b20fe02f6daf52e5e67f,NewSale
0x80fe121B69163E17bd4e9CC573652e29E48fa4ae,77329,0xbc2d6E7c81E7f35473b3594031FCC4c519fD24Ad,0,0xa453dbf0f3b071735686a8cadcc11ea497599d98,1,19800000000000000000,72000000,165066,4964486,1743063723,0x524f15211b3e7526357d6f1adfd1f14c5cdc5c1d4bc82f638b8451f3e4626865,NewSale
0xeB1e446EaBd6705c9A8bc43882865463e0A92C7d,77558,0xbc2d6E7c81E7f35473b3594031FCC4c519fD24Ad,1,0x80fe121b69163e17bd4e9cc573652e29e48fa4ae,1,200000000000000,72959592,140578,4964492,1743063735,0x32b4de9d1599d3079c50f7fb153702313599439d1103c6457618bd815770e5ea,NewSale
0xFE92E2C31Fd2F98d46AE4edF9d6e6103Dd130aE0,77567,0xbc2d6E7c81E7f35473b3594031FCC4c519fD24Ad,0,0x80fe121b69163e17bd4e9cc573652e29e48fa4ae,1,220000000000000,73827395,135778,4964505,1743063761,0x56dad03d9047b44b7ffceefc10c3aabf5ee90db05825c4e6e128fe2bf9c93aee,NewSale
0xa153b13b05744Dd33311565005589bD31a13cb8c,77320,0xdc0F91C5a4D200FfC21658901c77c0fE1A14d199,0,0x786025ec0819495a368fcac9149c2821897f5ca3,1,620000000000000,74616344,167283,4964512,1743063775,0x2c22310ade0ba6eefab6f665118c57d91bd213a59203667db4182bbafc9c909d,NewSale
0x30A9b07f6dA41c0de7d717b2E48060f02e9d995e,77537,0xbc2d6E7c81E7f35473b3594031FCC4c519fD24Ad,0,0x6d0fbf8c3193aaff16373ae3c5f61977516133ab,1,230000000000000,76189824,140578,4964543,1743063837,0xa9ad4d3c75c886f3041bb94015d91a4d9efa0c2a5a9834f83daee86c75fc77c9,NewSale
0x80fe121B69163E17bd4e9CC573652e29E48fa4ae,77273,0xbc2d6E7c81E7f35473b3594031FCC4c519fD24Ad,0,0xa453dbf0f3b071735686a8cadcc11ea497599d98,1,20000000000000000000,90000000,165066,4964577,1743063905,0x6c34b479e1d05403187fa725cca761a278e4f942c16a59f21150aea7ae077a23,NewSale
0xa153b13b05744Dd33311565005589bD31a13cb8c,77335,0xdc0F91C5a4D200FfC21658901c77c0fE1A14d199,0,0x941045e2d14085ee00e5b167685fbb2daffbe280,1,610000000000000,77468989,272428,4964577,1743063905,0x162798adbd322dd132c2de2c4fb04f3d45f54a90abd6b143ab9e88193014dd68,NewSale
0x30A9b07f6dA41c0de7d717b2E48060f02e9d995e,77542,0xbc2d6E7c81E7f35473b3594031FCC4c519fD24Ad,0,0x6d0fbf8c3193aaff16373ae3c5f61977516133ab,1,230000000000000,78484175,140578,4964589,1743063929,0xf0d5626f2f84307d6e4612df889ed285229a609a2c6a4636b2859c59efac18b0,NewSale
0xeB1e446EaBd6705c9A8bc43882865463e0A92C7d,77529,0xbc2d6E7c81E7f35473b3594031FCC4c519fD24Ad,1,0xfe92e2c31fd2f98d46ae4edf9d6e6103dd130ae0,1,230000000000000,78310000,157678,4964590,1743063931,0x4de7ca41b3371f76fc9caccd9425ddc2a3564d2b5fbfcad2c9856dc6f181c92a,NewSale
0xeB1e446EaBd6705c9A8bc43882865463e0A92C7d,77543,0xbc2d6E7c81E7f35473b3594031FCC4c519fD24Ad,1,0x6e604fcb0b1647eb1e388745a07ec76e257b8253,1,230000000000000,79437176,152878,4964610,1743063971,0xcb352ef237437e2302e9845a3c11e02603ac442a123c2f6168e2ce2e665a082a,NewSale
0x30A9b07f6dA41c0de7d717b2E48060f02e9d995e,77544,0xbc2d6E7c81E7f35473b3594031FCC4c519fD24Ad,0,0x80fe121b69163e17bd4e9cc573652e29e48fa4ae,1,230000000000000,80019953,135778,4964622,1743063995,0xd76b837785315d2bd3f861f9d95ce47986bb009ad1557e941b613e44f5895ebd,NewSale
0x30A9b07f6dA41c0de7d717b2E48060f02e9d995e,77549,0xbc2d6E7c81E7f35473b3594031FCC4c519fD24Ad,1,0x6d0fbf8c3193aaff16373ae3c5f61977516133ab,1,230000000000000,80766881,135778,4964632,1743064015,0x6b2d6afcc41c034d9d6be893986b47ca1a53f1a6686d1fe89481b442f629f10c,NewSale
0xf3fc7730BF75975A916428d69DD20FBe35A20fc9,77235,0xbc2d6E7c81E7f35473b3594031FCC4c519fD24Ad,0,0x6e604fcb0b1647eb1e388745a07ec76e257b8253,1,259999900000000,159701824,140578,4964634,1743064019,0xf1411ddf90cde05194c952b6e6791a461216742a0943dd641125681b7e827353,NewSale
0x80fe121B69163E17bd4e9CC573652e29E48fa4ae,77273,0xbc2d6E7c81E7f35473b3594031FCC4c519fD24Ad,0,0xa453dbf0f3b071735686a8cadcc11ea497599d98,1,20000000000000000000,90000000,165066,4964640,1743064031,0xc87d573f0b12466fbd64cb49b0012d998ba9b6c5a4d737dbc22aaad3c2f43040,NewSale
0x23Cc02DbA69CAB3deCBbA50761117A219f7fED35,77439,0xbc2d6E7c81E7f35473b3594031FCC4c519fD24Ad,1,0x6e604fcb0b1647eb1e388745a07ec76e257b8253,1,249000000000000,81986182,135778,4964649,1743064049,0xa9b8e262ec5545173acca3c80f9ae64451549a95ccaa40d5521915ea439b7423,NewSale
0x671494C41422eb3e54BB23A6D484133173E3D3D3,77433,0xbc2d6E7c81E7f35473b3594031FCC4c519fD24Ad,1,0xfe92e2c31fd2f98d46ae4edf9d6e6103dd130ae0,1,249000000000000,81830000,135778,4964653,1743064057,0x91342f69269502cc077d3b9bdddacc7106cb3c51bf6fddd0dad9bc5cc6e83235,NewSale
0xeF0Ef28b882d166B732d00A01Ea762B9CCd3FE44,77562,0xbc2d6E7c81E7f35473b3594031FCC4c519fD24Ad,1,0x6e604fcb0b1647eb1e388745a07ec76e257b8253,1,245000000000000,83602292,142189,4964662,1743064075,0x73c8a1463eb87ba147028ef2b8619101f48d749b12786c99c8edb61014f4814a,NewSale
0x64f7C019021aC74A68D90D08491Ca43b2a632E71,77584,0xbc2d6E7c81E7f35473b3594031FCC4c519fD24Ad,1,0xa453dbf0f3b071735686a8cadcc11ea497599d98,1,16500000000000000000,90000000,182154,4964665,1743064081,0x2a72b24d79325e09e26eb4a958306034f1e6b262dd0ad27bcb8b13aa63de97c1,NewSale
0x64f7C019021aC74A68D90D08491Ca43b2a632E71,77584,0xbc2d6E7c81E7f35473b3594031FCC4c519fD24Ad,1,0x529f71b8285ecbabf59359e9284e98ad05e683e7,1,16500000000000000000,83509964,178454,4964667,1743064085,0xa96a9328079ff464cf812b6dc1aaf02ff04bae1c68a64e47b7ff75de714c4c3e,NewSale
0xeF0Ef28b882d166B732d00A01Ea762B9CCd3FE44,77430,0xbc2d6E7c81E7f35473b3594031FCC4c519fD24Ad,1,0x6e604fcb0b1647eb1e388745a07ec76e257b8253,1,245000000000000,83895498,142189,4964675,1743064101,0x9b285b98073b4976a84873d7c60179590cde03c675de64a0b08fa21cb2c0990c,NewSale
0x4Cf686908De9206E4b2f602813b06582DA8c6078,77445,0xbc2d6E7c81E7f35473b3594031FCC4c519fD24Ad,1,0xfe92e2c31fd2f98d46ae4edf9d6e6103dd130ae0,1,249900000000000,83730000,135778,4964681,1743064113,0x36916310cd14a060d193d38bc5d42277907a5dfaa77d2b570813a8194ddd4062,NewSale
0x64f7C019021aC74A68D90D08491Ca43b2a632E71,77584,0xbc2d6E7c81E7f35473b3594031FCC4c519fD24Ad,1,0x529f71b8285ecbabf59359e9284e98ad05e683e7,1,16500000000000000000,84265329,161354,4964687,1743064125,0xe9fba78a90211dacb2c17cf05d12dbcba5ed4e9122c0dbfe22ee698b58fcae95,NewSale
0x80fe121B69163E17bd4e9CC573652e29E48fa4ae,77575,0xbc2d6E7c81E7f35473b3594031FCC4c519fD24Ad,1,0xa453dbf0f3b071735686a8cadcc11ea497599d98,1,19500000000000000000,90000000,165066,4964694,1743064139,0x9ad56cc66f898f97553473811295950b75877cddd832c09ede31a016c3ccf0f2,NewSale
0xeF0Ef28b882d166B732d00A01Ea762B9CCd3FE44,77430,0xbc2d6E7c81E7f35473b3594031FCC4c519fD24Ad,1,0x6e604fcb0b1647eb1e388745a07ec76e257b8253,1,245000000000000,85337472,142189,4964698,1743064147,0x042214595f1d81fdc39076b5dedbbc2b28bbb9cba1abcd01d5b2d20d8f1b5abe,NewSale
0xa153b13b05744Dd33311565005589bD31a13cb8c,77337,0xdc0F91C5a4D200FfC21658901c77c0fE1A14d199,0,0x8cd2237235eb98d52441e2b3dc96276918910c3c,1,620000000000000,100820000,150183,4964701,1743064153,0x4f3aa1195c4be75050b4c2aff3817c4a2ab6a0a9e8d15814dbd9a1c6b7034e50,NewSale
0x64f7C019021aC74A68D90D08491Ca43b2a632E71,77584,0xbc2d6E7c81E7f35473b3594031FCC4c519fD24Ad,1,0x529f71b8285ecbabf59359e9284e98ad05e683e7,1,16500000000000000000,85928427,161354,4964707,1743064165,0xc69570b4acdde22d0a9e6956738da713a5563f10e932f53c8818fe062cfb2973,NewSale
0x64f7C019021aC74A68D90D08491Ca43b2a632E71,77584,0xbc2d6E7c81E7f35473b3594031FCC4c519fD24Ad,1,0xa453dbf0f3b071735686a8cadcc11ea497599d98,1,16500000000000000000,90000000,165054,4964708,1743064167,0x95e3acfc11ddf53845fd088fd16c1110e405f43faeda64fe4d499b3e938f9158,NewSale
0x5a1bAcd440aEA377e01b76b74DA0B68B533cBE07,77509,0xbc2d6E7c81E7f35473b3594031FCC4c519fD24Ad,1,0xfe92e2c31fd2f98d46ae4edf9d6e6103dd130ae0,1,249900000000000,84620000,135778,4964713,1743064177,0xfdfbe3127537c3acab06a3726a25ded858d7ea09c56e750e8764dc7b4a14ba6c,NewSale
0x80fe121B69163E17bd4e9CC573652e29E48fa4ae,77329,0xbc2d6E7c81E7f35473b3594031FCC4c519fD24Ad,0,0xa453dbf0f3b071735686a8cadcc11ea497599d98,1,19800000000000000000,90000000,165066,4964726,1743064203,0xc85df9b1c9bad443e441a91b5e3e079d59ccf963a27fd5e2cdc34269003fdfd6,NewSale
0x64f7C019021aC74A68D90D08491Ca43b2a632E71,77584,0xbc2d6E7c81E7f35473b3594031FCC4c519fD24Ad,1,0x529f71b8285ecbabf59359e9284e98ad05e683e7,1,16500000000000000000,86192223,161354,4964727,1743064205,0x0a29b2c3265b2abc5ed6f1768a958b112a729ad33bef0a680f809f0091b5b11f,NewSale
0x80fe121B69163E17bd4e9CC573652e29E48fa4ae,77273,0xbc2d6E7c81E7f35473b3594031FCC4c519fD24Ad,0,0xa453dbf0f3b071735686a8cadcc11ea497599d98,1,20000000000000000000,90000000,165066,4964743,1743064237,0x08b6dc850d147e24c16ef43183e14945e6320b7b4d453eab4d0b59051534c621,NewSale
0x313709e67A3DF4d2A0FaE48572B8aa3416bfbe6C,77340,0xbc2d6E7c81E7f35473b3594031FCC4c519fD24Ad,1,0xfe92e2c31fd2f98d46ae4edf9d6e6103dd130ae0,1,249900000000000,85450000,135778,4964744,1743064239,0x7bbcfd4fda5db1c0a698402106a9c173c238e7254ad05a006974e4f41301799b,NewSale
0x64f7C019021aC74A68D90D08491Ca43b2a632E71,77584,0xbc2d6E7c81E7f35473b3594031FCC4c519fD24Ad,1,0x529f71b8285ecbabf59359e9284e98ad05e683e7,1,16500000000000000000,85929173,161354,4964748,1743064247,0xf7c62b3becec12acc7dc211be3f0c219a95745e8aa154cc95201a0b1396cf44c,NewSale
0x99f4dc76f408c9392923d5d2e0ef103d26E82551,77576,0xbc2d6E7c81E7f35473b3594031FCC4c519fD24Ad,1,0xc26f3f7b8f904d652ceb4519dfb87330df028acc,1,249900000000000,85651264,152878,4964757,1743064265,0xc5f538afdf89aa69bbad09f8df469cb0e7599b2b17628f42f112198cf7cfd92d,NewSale
0x64f7C019021aC74A68D90D08491Ca43b2a632E71,77584,0xbc2d6E7c81E7f35473b3594031FCC4c519fD24Ad,1,0xa453dbf0f3b071735686a8cadcc11ea497599d98,1,16500000000000000000,90000000,165054,4964764,1743064279,0x0be7a9fb55c971588983c9abf35263b51d767e3fd53bc98d8fa763438cd964a7,NewSale
0x64f7C019021aC74A68D90D08491Ca43b2a632E71,77584,0xbc2d6E7c81E7f35473b3594031FCC4c519fD24Ad,1,0x529f71b8285ecbabf59359e9284e98ad05e683e7,1,16500000000000000000,86468464,161354,4964768,1743064287,0xbd10903592dc2a610cd0ba519abc6734322af87e451b68ce23ff028e7bdbd84e,NewSale
0x80fe121B69163E17bd4e9CC573652e29E48fa4ae,77329,0xbc2d6E7c81E7f35473b3594031FCC4c519fD24Ad,0,0xa453dbf0f3b071735686a8cadcc11ea497599d98,1,19800000000000000000,90000000,165066,4964781,1743064313,0xf088786e8323edb9d3ddd709c29f0f2f59233dbdef824bd2ef1e7d71d179acf0,NewSale
0x64f7C019021aC74A68D90D08491Ca43b2a632E71,77584,0xbc2d6E7c81E7f35473b3594031FCC4c519fD24Ad,1,0x529f71b8285ecbabf59359e9284e98ad05e683e7,1,16500000000000000000,86643164,161354,4964789,1743064329,0xb24c3276ed974d61fe1b1bc9c7dd34d1b8be467bae3eb6e9376ad0a9e936a97f,NewSale
0x64f7C019021aC74A68D90D08491Ca43b2a632E71,77584,0xbc2d6E7c81E7f35473b3594031FCC4c519fD24Ad,1,0x529f71b8285ecbabf59359e9284e98ad05e683e7,1,16500000000000000000,86323805,154943,4964811,1743064373,0xd43899eaa8526511a7f676717f9ca5a9a617bb9e4f5c807d6e92609580d60f42,NewSale
0x6E604fCB0B1647eB1E388745a07ec76E257b8253,77592,0xbc2d6E7c81E7f35473b3594031FCC4c519fD24Ad,1,0x80fe121b69163e17bd4e9cc573652e29e48fa4ae,1,200000000000000,85531001,140578,4964835,1743064421,0x40320fa45dd772ee7216c7b0f5dc51574afdbcdd3292decf2f6ba3bda854b058,NewSale
0x50226Cf23DEbbA2E17F634A95f0c0b8eafD95d06,77553,0xbc2d6E7c81E7f35473b3594031FCC4c519fD24Ad,1,0x957f6dada6be840a6dd84f38311ee7d93d00ba21,1,249900000000000,86040000,135766,4964843,1743064437,0xa32468a6ba64145d51978855861f61c9688d0054b1b8350ffb6ab58f0fe57a12,NewSale
0x529F71B8285ECbabF59359e9284E98AD05e683E7,77599,0xbc2d6E7c81E7f35473b3594031FCC4c519fD24Ad,1,0x64f7c019021ac74a68d90d08491ca43b2a632e71,1,16000000000000000000,85297056,178454,4964893,1743064537,0x52b98efd1a82cda219c2c9448ed247367253a3198bda6a2b378bb717078ca54a,NewSale
0x445DBBA26346C82dB233342764a9b33f95930C67,76654,0xdc0F91C5a4D200FfC21658901c77c0fE1A14d199,0,0xbb5547f8b2cc4ff8d22fc5da655b97e8281abe8b,1,640000000000000,85158088,145371,4964912,1743064575,0xa4200fa1b6063180c36b5ea781572618eb24a587ebb6180b30340dd97ed9c855,NewSale
0x529F71B8285ECbabF59359e9284E98AD05e683E7,77599,0xbc2d6E7c81E7f35473b3594031FCC4c519fD24Ad,1,0x64f7c019021ac74a68d90d08491ca43b2a632e71,1,16000000000000000000,85780691,161354,4964913,1743064577,0x8c10f349e9fd216e0466e111c42e9ee89a767579339c89655a46fad842338744,NewSale
0x6E604fCB0B1647eB1E388745a07ec76E257b8253,77602,0xbc2d6E7c81E7f35473b3594031FCC4c519fD24Ad,0,0x3abc5690b25a25eb3185773b27423185ee29ac00,1,190000000000000,85280000,140566,4964923,1743064597,0x20e3e0a272ad3a903e6e6d96ae7e380a863a8e2494b6dd5f3c6c9bb274f3d1d9,NewSale
0xFE92E2C31Fd2F98d46AE4edF9d6e6103Dd130aE0,77595,0xbc2d6E7c81E7f35473b3594031FCC4c519fD24Ad,1,0x957f6dada6be840a6dd84f38311ee7d93d00ba21,1,245000000000000,85520000,140566,4964929,1743064609,0x22f0b630ee0a664585cd26a877c51298197aad25586474bc231638178c60c3e8,NewSale
0x529F71B8285ECbabF59359e9284E98AD05e683E7,77599,0xbc2d6E7c81E7f35473b3594031FCC4c519fD24Ad,1,0x64f7c019021ac74a68d90d08491ca43b2a632e71,1,16000000000000000000,86874449,161354,4964936,1743064623,0x301e7d3988c3fe1f0212db34a0b2fdb615b607add6ce0fc210fca23ace7d2608,NewSale
0x529F71B8285ECbabF59359e9284E98AD05e683E7,77599,0xbc2d6E7c81E7f35473b3594031FCC4c519fD24Ad,1,0x64f7c019021ac74a68d90d08491ca43b2a632e71,1,16000000000000000000,87646956,161354,4964958,1743064667,0x92863c50d5361b68e3a70857ff2ea85e4e1e4958eccfbea36ed0ed41583aa8fc,NewSale
0x529F71B8285ECbabF59359e9284E98AD05e683E7,77599,0xbc2d6E7c81E7f35473b3594031FCC4c519fD24Ad,1,0x64f7c019021ac74a68d90d08491ca43b2a632e71,1,16000000000000000000,172939596,161354,4964979,1743064709,0xc49a0cf8b3d4c83ba22a92de3c73bd0c7d0a1ee03f54044bbc93714c69efc364,NewSale
0x529F71B8285ECbabF59359e9284E98AD05e683E7,77599,0xbc2d6E7c81E7f35473b3594031FCC4c519fD24Ad,1,0x64f7c019021ac74a68d90d08491ca43b2a632e71,1,16000000000000000000,175026443,161354,4965000,1743064751,0xc750f9a23e06de764384875fb8c8605bda4eace0cec95af9adba9dd4cc21f9e4,NewSale
0x529F71B8285ECbabF59359e9284E98AD05e683E7,77599,0xbc2d6E7c81E7f35473b3594031FCC4c519fD24Ad,1,0x64f7c019021ac74a68d90d08491ca43b2a632e71,1,16000000000000000000,176072786,161354,4965020,1743064791,0xfe0a4e5195449400e69789cf16534ff8fd2c9cb3da82f8b33b365d4aae96d9c2,NewSale
0x6E604fCB0B1647eB1E388745a07ec76E257b8253,77591,0xbc2d6E7c81E7f35473b3594031FCC4c519fD24Ad,1,0x957f6dada6be840a6dd84f38311ee7d93d00ba21,1,220000000000000,106790000,140566,4965025,1743064801,0x35ea69cf66f05e3a9406b072df497f902b0b16f7376807971fd048a5b61a22f2,NewSale
0x751558F4D5E6aC4D44894e701Ca468A2f98512De,66032,0x897d1cBBeDC44c8371672e8cA72555b5194D6D86,0,0xe4f4baed82d30f2244fe1722aeda37def4b38ddc,1,50000000000000000000,90606763,191746,4965033,1743064817,0xeaafdfd1554553e7096e0281d8d79972c876f67f0359557d8deb7c3a2f523ada,NewSale
0x6E604fCB0B1647eB1E388745a07ec76E257b8253,77604,0xbc2d6E7c81E7f35473b3594031FCC4c519fD24Ad,0,0xd03ac7736dc5115e983adfe49a10547731914cc6,1,190000000000000,176518971,135778,4965035,1743064821,0x91a165faa331f444d8791c77700f451fd92cdc52cb14335d7836080837d4a349,NewSale
0xC34e6f09F6919c52F52f1417Cf855f8051869821,77609,0xbc2d6E7c81E7f35473b3594031FCC4c519fD24Ad,0,0x9c9463f9cf0f2c7ad231c00b4971e68c29c298cb,1,200000000000000,176349473,140578,4965036,1743064823,0xd61a6cd85a6a7fa789d97c1cdad29d695293353dff3ad14084ca1584eeaed52f,NewSale
0xcbC8bB3cd671C35a885a90BfA036F747Db7cc897,77176,0x897d1cBBeDC44c8371672e8cA72555b5194D6D86,0,0xe4f4baed82d30f2244fe1722aeda37def4b38ddc,1,55000000000000000000,90013776,169846,4965048,1743064847,0x06e8214e4ed40dc59916892f264f1fa23254201552532383c816053d994d43d2,NewSale
0xccb472Cc87b4620a3F6024F1D584E4df2c216512,76536,0x6EF07dE7778f607b8658e743bd42Ad4Db277d54C,9,0x6d0fbf8c3193aaff16373ae3c5f61977516133ab,1,33000000000000000000,92241432,175739,4965088,1743064927,0xc0004b980541bb6ba618a6b24f52728c59329f5d031362a6e2ea4e5e9922e70e,NewSale
