listing_creator,listing_id,asset_contract,token_id,buyer,quantity_bought,total_price_paid,gas_price,gas_used,block_number,timestamp,transaction_hash,event_type
0x64f7C019021aC74A68D90D08491Ca43b2a632E71,73572,0xbc2d6E7c81E7f35473b3594031FCC4c519fD24Ad,1,0x529f71b8285ecbabf59359e9284e98ad05e683e7,1,14960000000000000000,35426467,178454,4916367,1742967485,0x03e20308a106df042b3d095421d4b0196e08fe3559a534c5f7f05fa90bd41ccb,NewSale
0x79a6115b36D4E2da8384ea371E7fEa6618A1643F,73574,0xbc2d6E7c81E7f35473b3594031FCC4c519fD24Ad,1,0xc846b7d5ad79060758f9ed2fe6ba5dd68d00c00f,1,289000000000000,35482994,135778,4916369,1742967489,0x7493385d805f97583d6a24cc4ad2ca20b75aad5f6c674b2fbf2665d7c934b084,NewSale
0xa03f24da09Cb43b03552Da2f7B56AdCB9f05432b,73464,0xbc2d6E7c81E7f35473b3594031FCC4c519fD24Ad,1,0xc846b7d5ad79060758f9ed2fe6ba5dd68d00c00f,1,290000000000000,35448196,135778,4916382,1742967515,0xd793d9ad7140c0d38c1eb5d6f9dacafcf541e887541b37f3f56bb0cb54a70f9b,NewSale
0x56Ffd1BF1aeDBB4814FBc69704544736798b605a,73584,0xbc2d6E7c81E7f35473b3594031FCC4c519fD24Ad,0,0x7216f5384dbc9e61f37349f3c08fb1bd55e29ea9,1,1000000000000000000,35500000,163443,4916384,1742967519,0x70844410bdeb1b3e4e22e10bb3ad1a8ba6f8ac8aa7ecacf3218d33a4dd5f4531,NewSale
0x362B6701b5F8e78B3491452cAcda48900dFCbb1e,73533,0xbc2d6E7c81E7f35473b3594031FCC4c519fD24Ad,1,0x89af20c242de43d97da884f8ddb62d54fbd05ae2,1,289000000000000,35960039,135790,4916386,1742967523,0x9f368dbdfd456fd09b4983d13a62accc647625679c779fbe5f32f08ef0f48bc1,NewSale
0x64f7C019021aC74A68D90D08491Ca43b2a632E71,73572,0xbc2d6E7c81E7f35473b3594031FCC4c519fD24Ad,1,0x529f71b8285ecbabf59359e9284e98ad05e683e7,1,14960000000000000000,35478764,161354,4916390,1742967531,0xb04ed7a1230d8af131755353919b1a1fac0e7caf74a253c453a15d095c685797,NewSale
0xC0DEc165A5d6e6766Fbc35c977f89535899D0411,69597,0xbc2d6E7c81E7f35473b3594031FCC4c519fD24Ad,0,0xc846b7d5ad79060758f9ed2fe6ba5dd68d00c00f,1,298000000000000,35560166,142189,4916397,1742967545,0xb92ec4b85c6518372f4c1f4a1265458918151fce5bccf10c352d7300a7330cb8,NewSale
0x64f7C019021aC74A68D90D08491Ca43b2a632E71,73572,0xbc2d6E7c81E7f35473b3594031FCC4c519fD24Ad,1,0x529f71b8285ecbabf59359e9284e98ad05e683e7,1,14960000000000000000,35717280,161354,4916407,1742967565,0x3daa90e82c173dd10d0dcdc63d84a82f19fd3e8ad4ce3d34c0a7399ca4e599ed,NewSale
0x56Ffd1BF1aeDBB4814FBc69704544736798b605a,73587,0xbc2d6E7c81E7f35473b3594031FCC4c519fD24Ad,0,0x7216f5384dbc9e61f37349f3c08fb1bd55e29ea9,1,1000000000000000000,35640000,158643,4916410,1742967571,0x4edee5e466cc06c78ce74febf7832ee4d0f5fce9b0db89eea4ddc801edeafe02,NewSale
0x80fe121B69163E17bd4e9CC573652e29E48fa4ae,73538,0xbc2d6E7c81E7f35473b3594031FCC4c519fD24Ad,0,0xc846b7d5ad79060758f9ed2fe6ba5dd68d00c00f,1,288000000000000,35480916,142177,4916415,1742967581,0x6a164ec89761996220e74d538e58953ff54aecba25f2a46058cb3d1b1f2866bd,NewSale
0x64f7C019021aC74A68D90D08491Ca43b2a632E71,73572,0xbc2d6E7c81E7f35473b3594031FCC4c519fD24Ad,1,0x529f71b8285ecbabf59359e9284e98ad05e683e7,1,14960000000000000000,36049225,161354,4916427,1742967605,0x98f3803193cbe22e2d91af4fab9771797f5c6478641cb5bf3bb08cc7234159f0,NewSale
0x22C44e54eD8a9DDaff368B77411f3b2e05c3Eaa1,73563,0xbc2d6E7c81E7f35473b3594031FCC4c519fD24Ad,1,0xc846b7d5ad79060758f9ed2fe6ba5dd68d00c00f,1,289000000000000,36313710,135778,4916437,1742967625,0xcffb2e7539b8887efd268a52a042813891772bc577037934c6adb1c0bfe3cd2e,NewSale
0x80fe121B69163E17bd4e9CC573652e29E48fa4ae,73538,0xbc2d6E7c81E7f35473b3594031FCC4c519fD24Ad,0,0x89af20c242de43d97da884f8ddb62d54fbd05ae2,1,288000000000000,36383784,142189,4916440,1742967631,0x714f43126c097f93fefe88cd7aa9a88d07c1c5f732ecd6843ec0a8f2b57bf6dc,NewSale
0x64f7C019021aC74A68D90D08491Ca43b2a632E71,73572,0xbc2d6E7c81E7f35473b3594031FCC4c519fD24Ad,1,0x529f71b8285ecbabf59359e9284e98ad05e683e7,1,14960000000000000000,36342345,161354,4916447,1742967645,0xf81844473a61034908147acd7352db8e4d9a26ec316e3a0814807add98e5ae35,NewSale
0xf95953d2dF558093DB81388c58FC532d0955cFA3,73583,0xbc2d6E7c81E7f35473b3594031FCC4c519fD24Ad,1,0xc846b7d5ad79060758f9ed2fe6ba5dd68d00c00f,1,289000000000000,36259354,135778,4916449,1742967649,0xe40f066aeace3041ef6ae2cb05a2ffb13ee31494abc1fadbf2b13f590aa72491,NewSale
0x3c48A0Fe622b626A6Ab75c6B7b10bf1eb139B156,73560,0xbc2d6E7c81E7f35473b3594031FCC4c519fD24Ad,1,0x89af20c242de43d97da884f8ddb62d54fbd05ae2,1,289000000000000,36218654,135790,4916452,1742967655,0xf8cc05e6dd9fbf944f90adc6832e67e71de50e586269950649bfa3e4819f24c1,NewSale
0xeCD79482ef990AB40a48B093685E68aa0902993F,73593,0xbc2d6E7c81E7f35473b3594031FCC4c519fD24Ad,1,0xc846b7d5ad79060758f9ed2fe6ba5dd68d00c00f,1,289000000000000,36315184,135778,4916462,1742967675,0x1dbb3252cd6e83c07f76d4d1e35a09436788f577cc3ba6ab6eb3c3a84852a3a1,NewSale
0x64f7C019021aC74A68D90D08491Ca43b2a632E71,73572,0xbc2d6E7c81E7f35473b3594031FCC4c519fD24Ad,1,0x529f71b8285ecbabf59359e9284e98ad05e683e7,1,14960000000000000000,36470720,161354,4916466,1742967683,0xe680ca078651ec9b150e0a3f200fbc7a5e3ea71d9941082f3afb8eb37a9ecb25,NewSale
0x7216f5384dbc9e61f37349f3C08fb1Bd55e29EA9,73596,0xbc2d6E7c81E7f35473b3594031FCC4c519fD24Ad,0,0x56ffd1bf1aedbb4814fbc69704544736798b605a,1,1000000000000000000,36430000,180543,4916474,1742967699,0xd7bce1bcd6b2795115189490772c3fe196c0f9ed47252fddf0af197954e1adce,NewSale
0x64f7C019021aC74A68D90D08491Ca43b2a632E71,73572,0xbc2d6E7c81E7f35473b3594031FCC4c519fD24Ad,1,0x529f71b8285ecbabf59359e9284e98ad05e683e7,1,14960000000000000000,37556630,161354,4916492,1742967735,0x871fc228ed2a7813c37bddffd75bcef6cbd8455d7dde1e56c6a6aadcf9b4f704,NewSale
0x64f7C019021aC74A68D90D08491Ca43b2a632E71,73572,0xbc2d6E7c81E7f35473b3594031FCC4c519fD24Ad,1,0x529f71b8285ecbabf59359e9284e98ad05e683e7,1,14960000000000000000,38439054,161354,4916512,1742967775,0xbdc8b1bcd3934ad301dbceeeef9379d2a511a8225481ec0506676a03d3b1ccda,NewSale
0x7216f5384dbc9e61f37349f3C08fb1Bd55e29EA9,73600,0xbc2d6E7c81E7f35473b3594031FCC4c519fD24Ad,0,0x56ffd1bf1aedbb4814fbc69704544736798b605a,1,1000000000000000000,38120000,163443,4916513,1742967777,0x9b0e62c3eae8da368357f679dcdf397e4fbb06f8fe0fbc33395397d64016ef83,NewSale
0x64f7C019021aC74A68D90D08491Ca43b2a632E71,73572,0xbc2d6E7c81E7f35473b3594031FCC4c519fD24Ad,1,0x529f71b8285ecbabf59359e9284e98ad05e683e7,1,14960000000000000000,38042778,161354,4916532,1742967815,0x675ebc131eebf64c2a945cbc6810a0b3e5625c2b97fd57bccff77424061f9b91,NewSale
0xeb418E53EFcDc351137C9A81c70967b8D7063f4C,73338,0x7e5F161dd824d98AC3474eBf550716d0cb83E8C6,0,0x311a71dd80d8288a3e09d7d991a9078a7bb57966,1,500000000000000,39380329,164783,4916539,1742967829,0xed1cee9f3792f3392a1d0809d9cd0fd8714ea32c8407f6b7e2172d2647a548af,NewSale
0x7216f5384dbc9e61f37349f3C08fb1Bd55e29EA9,73608,0xbc2d6E7c81E7f35473b3594031FCC4c519fD24Ad,0,0x56ffd1bf1aedbb4814fbc69704544736798b605a,1,1000000000000000000,39350000,158643,4916550,1742967851,0x6e0917f8fbe8ab56574a1b0f85da9edfb3e4cef4027f8f8b1bc155e4249b0c34,NewSale
0x64f7C019021aC74A68D90D08491Ca43b2a632E71,73572,0xbc2d6E7c81E7f35473b3594031FCC4c519fD24Ad,1,0x529f71b8285ecbabf59359e9284e98ad05e683e7,1,14960000000000000000,39747272,161354,4916554,1742967859,0xff349aa2400ce271fdc2ce7921902c4fd2c224e536e7e856ba85033b1992c1da,NewSale
0x80fe121B69163E17bd4e9CC573652e29E48fa4ae,73538,0xbc2d6E7c81E7f35473b3594031FCC4c519fD24Ad,0,0xba89d66ac9549e5aabb2e23528702cbb974bde68,1,288000000000000,39760000,142189,4916563,1742967877,0xcaa3a8a8ea24cfc4b3daf6edd8f429519a4858beccb7b0945871417807e12678,NewSale
0xC0DEc165A5d6e6766Fbc35c977f89535899D0411,70984,0xbc2d6E7c81E7f35473b3594031FCC4c519fD24Ad,0,0xb4b336e74a0b58622472728ce741ad057f12cec5,1,289990000000000,40609375,142201,4916567,1742967885,0x414917373d87cd3ef3a5dccc4cf890b84f0b206f1734c047482509e13bdf45d1,NewSale
0x64f7C019021aC74A68D90D08491Ca43b2a632E71,73572,0xbc2d6E7c81E7f35473b3594031FCC4c519fD24Ad,1,0x529f71b8285ecbabf59359e9284e98ad05e683e7,1,14960000000000000000,39581008,161354,4916572,1742967895,0xa8356ec8b243d9d3b26db5d10fc7dbe3cd7e1b2f96e0e11d281ff1048e735071,NewSale
0x7713B80B1B482d453da38Fd4c5Fa45519F4B60fB,73571,0xbc2d6E7c81E7f35473b3594031FCC4c519fD24Ad,1,0xba89d66ac9549e5aabb2e23528702cbb974bde68,1,289000000000000,40520000,135790,4916577,1742967905,0x9df4dc2c4b6483a2eadc9309d39061b990cfce41a6706ddc9800ae5a3265e825,NewSale
0x64f7C019021aC74A68D90D08491Ca43b2a632E71,73572,0xbc2d6E7c81E7f35473b3594031FCC4c519fD24Ad,1,0x529f71b8285ecbabf59359e9284e98ad05e683e7,1,14960000000000000000,41301632,161354,4916592,1742967935,0x08ca8c2a384431248cc93fb920c3d50f18e4b86236c652baa7be012cef21918a,NewSale
0x084e7f880Db7A1bdfa8b8A78C6c31b3BFeade0bc,73594,0xbc2d6E7c81E7f35473b3594031FCC4c519fD24Ad,0,0x644b61207a74adc74dad87cb4aae5413a4f17ebe,1,321560000000000,41266219,140590,4916598,1742967947,0xaefc2e4be21411205ee2a2ff21b4857bffac10fe0779d35b783adb31e1be6f03,NewSale
0x215c9B043c7E2AC7fD89082bFC7E07F5701fBd5C,73589,0xbc2d6E7c81E7f35473b3594031FCC4c519fD24Ad,1,0xb4b336e74a0b58622472728ce741ad057f12cec5,1,289000000000000,41728059,152890,4916605,1742967961,0xdce02e1d284065d3e10747ce17e202a12bab5661e0d6a14871a99cca2d6b2a7c,NewSale
0x64f7C019021aC74A68D90D08491Ca43b2a632E71,73572,0xbc2d6E7c81E7f35473b3594031FCC4c519fD24Ad,1,0x529f71b8285ecbabf59359e9284e98ad05e683e7,1,14960000000000000000,40969876,161354,4916611,1742967973,0x5dc700d157de9d9236401b8e1620ad33474fbbbd092b0bc9339396399a4ca044,NewSale
0x64f7C019021aC74A68D90D08491Ca43b2a632E71,73572,0xbc2d6E7c81E7f35473b3594031FCC4c519fD24Ad,1,0x529f71b8285ecbabf59359e9284e98ad05e683e7,1,14960000000000000000,42423070,161354,4916631,1742968013,0x6d00067c9bae454a276c33027602cbb06400672f78a8cf36aa60348cd7179521,NewSale
0x64f7C019021aC74A68D90D08491Ca43b2a632E71,73572,0xbc2d6E7c81E7f35473b3594031FCC4c519fD24Ad,1,0x529f71b8285ecbabf59359e9284e98ad05e683e7,1,14960000000000000000,43206228,161354,4916651,1742968053,0x1ddea919c8953120424239ac229856c4abe5bec85ace0a1f3c6e7e36cfaaaf54,NewSale
0xeF0Ef28b882d166B732d00A01Ea762B9CCd3FE44,73612,0xbc2d6E7c81E7f35473b3594031FCC4c519fD24Ad,1,0xb4b336e74a0b58622472728ce741ad057f12cec5,1,270000000000000,43456052,142189,4916654,1742968059,0x54ca896e006ea1a5687192a6a2fa29d454e0b55e0ad42e3be83a37f23770cb2a,NewSale
0xeF0Ef28b882d166B732d00A01Ea762B9CCd3FE44,73612,0xbc2d6E7c81E7f35473b3594031FCC4c519fD24Ad,1,0xba89d66ac9549e5aabb2e23528702cbb974bde68,1,270000000000000,43010000,142189,4916654,1742968059,0xdaba7ca1ed7ba618da9a552d3e30cc01d8dff3f7b3fb84b9aec8838220285aed,NewSale
0xeF0Ef28b882d166B732d00A01Ea762B9CCd3FE44,73612,0xbc2d6E7c81E7f35473b3594031FCC4c519fD24Ad,1,0xba89d66ac9549e5aabb2e23528702cbb974bde68,1,270000000000000,43570000,142189,4916670,1742968091,0x843b13ed01a0bbb6ca0b7bcb1a9460345305fee55a6002a0cd0a1c5d86edac05,NewSale
0x64f7C019021aC74A68D90D08491Ca43b2a632E71,73572,0xbc2d6E7c81E7f35473b3594031FCC4c519fD24Ad,1,0x529f71b8285ecbabf59359e9284e98ad05e683e7,1,14960000000000000000,42936423,161354,4916671,1742968093,0x1bd37fc69e99ea88d8e013cbb6e9df4c68f2660a1b2c0d7dba11b9c8e3dfe9ae,NewSale
0xC0DEc165A5d6e6766Fbc35c977f89535899D0411,70984,0xbc2d6E7c81E7f35473b3594031FCC4c519fD24Ad,0,0x81ec467496d528354637a0d2f34bc59b9f5178cc,1,289990000000000,44080127,142201,4916677,1742968105,0xbeccdb36ed46248f1e47e620e08a0fe74321d964743aa17dc36571cbf27ae5c0,NewSale
0xeF0Ef28b882d166B732d00A01Ea762B9CCd3FE44,73612,0xbc2d6E7c81E7f35473b3594031FCC4c519fD24Ad,1,0xba89d66ac9549e5aabb2e23528702cbb974bde68,1,270000000000000,44140000,142189,4916690,1742968131,0x250befd6c6b52018cffd66ffb3ed2b52f42fb2e1acbb05a7a14dc271dd472074,NewSale
0xeF0Ef28b882d166B732d00A01Ea762B9CCd3FE44,73612,0xbc2d6E7c81E7f35473b3594031FCC4c519fD24Ad,1,0x81ec467496d528354637a0d2f34bc59b9f5178cc,1,270000000000000,44382581,142189,4916696,1742968143,0x05db50e08ac5b97e8c3cca1b7a04dbf2c7711b88adea4b3ffdef7d96a668a2e0,NewSale
0xC0DEc165A5d6e6766Fbc35c977f89535899D0411,69597,0xbc2d6E7c81E7f35473b3594031FCC4c519fD24Ad,0,0xad2468ed65328f267050c3fbf6398a80de751ccb,1,298000000000000,44735285,142201,4916698,1742968147,0x04ad755056240ead6225649e6ef425704b7899932f68ee3822a1807c30895275,NewSale
0xeF0Ef28b882d166B732d00A01Ea762B9CCd3FE44,73612,0xbc2d6E7c81E7f35473b3594031FCC4c519fD24Ad,1,0x3e4aebaf82d0202b6e2902ae590c4f08a82d26ee,1,270000000000000,44781745,159289,4916700,1742968151,0x3666acb5d93274262dbc99922293a9de78ad2a1551c2abea66ddae9e35f8d0b8,NewSale
0xC0DEc165A5d6e6766Fbc35c977f89535899D0411,70984,0xbc2d6E7c81E7f35473b3594031FCC4c519fD24Ad,0,0xb4b336e74a0b58622472728ce741ad057f12cec5,1,289990000000000,44861876,142201,4916702,1742968155,0x4b590f1d4fe3e7c183e1d1a22b85374d45a6ed24fa0945f1fb5a8d3622780273,NewSale
0xeF0Ef28b882d166B732d00A01Ea762B9CCd3FE44,73612,0xbc2d6E7c81E7f35473b3594031FCC4c519fD24Ad,1,0x3e4aebaf82d0202b6e2902ae590c4f08a82d26ee,1,270000000000000,45359165,142189,4916722,1742968195,0x3609e3ec90578dda69c04754df1150b52d18e8dec1b7ad3ff252549fdebdf150,NewSale
0xeF0Ef28b882d166B732d00A01Ea762B9CCd3FE44,73612,0xbc2d6E7c81E7f35473b3594031FCC4c519fD24Ad,1,0x3e4aebaf82d0202b6e2902ae590c4f08a82d26ee,1,270000000000000,46030295,142189,4916740,1742968231,0xc7a23b9d7e26923f09cae61f14f71d84d4f0c712d1fd632fc5118dfa64d646db,NewSale
0xcFea2c9ef38a7cfa74BD35DE91DfaAd7a611ecFC,73624,0xbc2d6E7c81E7f35473b3594031FCC4c519fD24Ad,1,0x1830834d81dd5d43b297a234c9b2b939999144d2,1,289000000000000,45350000,152890,4916740,1742968231,0xc9710e5db0e154633c9f52693c5a2881be70691cb8520f1ad4bf24a4357579ff,NewSale
0xeF0Ef28b882d166B732d00A01Ea762B9CCd3FE44,73612,0xbc2d6E7c81E7f35473b3594031FCC4c519fD24Ad,1,0xad2468ed65328f267050c3fbf6398a80de751ccb,1,270000000000000,46149758,159289,4916741,1742968233,0x4173c9320acc4014586e58da679ded96d5c691eead3b92ee12f83c8a6997772a,NewSale
0xC0DEc165A5d6e6766Fbc35c977f89535899D0411,70984,0xbc2d6E7c81E7f35473b3594031FCC4c519fD24Ad,0,0xb4b336e74a0b58622472728ce741ad057f12cec5,1,289990000000000,46086464,142201,4916745,1742968241,0x3add0c2942046fc01ef198f1ab530883fb7913f374368a6ff589a3230409c194,NewSale
0x80fe121B69163E17bd4e9CC573652e29E48fa4ae,73538,0xbc2d6E7c81E7f35473b3594031FCC4c519fD24Ad,0,0xba89d66ac9549e5aabb2e23528702cbb974bde68,1,288000000000000,46000000,140578,4916756,1742968263,0x3e3103d4f9bea460f09a5d892344f6bef1a9209ad079df18b8a01036a5457e23,NewSale
0xeF0Ef28b882d166B732d00A01Ea762B9CCd3FE44,73612,0xbc2d6E7c81E7f35473b3594031FCC4c519fD24Ad,1,0xb55f7b866e6b239fb914bde69de60fa369803900,1,270000000000000,46166318,152866,4916767,1742968285,0x2ca32956a00522d08f15b99afed7ebe44b4e5d8ef0768a468645df849c08f565,NewSale
0xa976A5990cd43cd72639Fa7056BB77Eaebe0A7C5,73628,0xbc2d6E7c81E7f35473b3594031FCC4c519fD24Ad,0,0xb55f7b866e6b239fb914bde69de60fa369803900,1,200000000000000,45172636,152866,4916793,1742968337,0x0756fc38036e5208c81889575032c5f3edc7db2bcb4216336356ffb6af1f86c4,NewSale
0x9D3732727D5d56C2234264aB0154111EB91dD0CA,73613,0xbc2d6E7c81E7f35473b3594031FCC4c519fD24Ad,0,0xad2468ed65328f267050c3fbf6398a80de751ccb,1,298900000000000,45039765,140590,4916796,1742968343,0x3bdea8f11f153a91fd0ccfc3d4dfb6e7ac488f6f67114fd72258abeaf3c5e790,NewSale
0x9D3732727D5d56C2234264aB0154111EB91dD0CA,73622,0xbc2d6E7c81E7f35473b3594031FCC4c519fD24Ad,0,0xb4b336e74a0b58622472728ce741ad057f12cec5,1,298900000000000,44949151,140590,4916801,1742968353,0x86ff0a0b2f8b495d10ad66101f1b60a48a3cd43cc7d1ae04526ba11231631da1,NewSale
0xf50762bf160474B6600F135392AF014a0CE5F454,73399,0xbc2d6E7c81E7f35473b3594031FCC4c519fD24Ad,1,0xad2468ed65328f267050c3fbf6398a80de751ccb,1,299000000000000,44163008,135790,4916850,1742968451,0x8e49977a5bd7023b6db3e6d92bb7a42365797668b017c400760205e6c831d179,NewSale
0xE7C69BE406B637D126d5180297Fd176974dbBA85,73632,0xbc2d6E7c81E7f35473b3594031FCC4c519fD24Ad,1,0xb4b336e74a0b58622472728ce741ad057f12cec5,1,289000000000000,43997991,135790,4916852,1742968455,0xa961ef0047350957672e2877c34ab43c971586098082fe4d8c9199954885d8e5,NewSale
0xCB948d070Bf64Cd4C99b15180Dd30C8638454814,73639,0xbc2d6E7c81E7f35473b3594031FCC4c519fD24Ad,1,0xad2468ed65328f267050c3fbf6398a80de751ccb,1,289000000000000,43807673,135790,4916896,1742968543,0x23c44435256772c33d51d418559fa84a9fee8d5664747fdcd877bc5fe08bcdaa,NewSale
0xC0DEc165A5d6e6766Fbc35c977f89535899D0411,70984,0xbc2d6E7c81E7f35473b3594031FCC4c519fD24Ad,0,0xb4b336e74a0b58622472728ce741ad057f12cec5,1,289990000000000,43889939,142201,4916903,1742968557,0x5e6b4d76a1c0d879a27c5165b671e1efca7055d9c1844076741557a5eba720fb,NewSale
0x1830834d81dd5D43B297a234C9B2B939999144D2,73636,0xbc2d6E7c81E7f35473b3594031FCC4c519fD24Ad,1,0xa976a5990cd43cd72639fa7056bb77eaebe0a7c5,1,275000000000000,43971283,152878,4916915,1742968581,0x40e0d4f56980f914b557a06fbb9340db361f886a69a2a585192809141f746106,NewSale
0x64f7C019021aC74A68D90D08491Ca43b2a632E71,73572,0xbc2d6E7c81E7f35473b3594031FCC4c519fD24Ad,1,0x529f71b8285ecbabf59359e9284e98ad05e683e7,1,14960000000000000000,43920448,154943,4916932,1742968615,0x7c562d0307333b5e52b15d0525f616be0c15fb55399e830a708e80043713b2bf,NewSale
0x5a99FB099A127B48EC9A9708f00cBc753F145405,73640,0xbc2d6E7c81E7f35473b3594031FCC4c519fD24Ad,1,0xa976a5990cd43cd72639fa7056bb77eaebe0a7c5,1,289000000000000,44035798,135790,4916938,1742968627,0xb75fc728d29599d30c4e879a2c081c250dbd3e792412f62be26e8ce601479af0,NewSale
0x7Ca483DF5f14f0832819fd7e8499dA20832254D1,73641,0xbc2d6E7c81E7f35473b3594031FCC4c519fD24Ad,1,0xb4b336e74a0b58622472728ce741ad057f12cec5,1,289000000000000,43716297,135790,4916955,1742968661,0x26816dcd3be515e2006a452f1e597f0a6a28a4d5fcbb2b58d392aa2668c70a6c,NewSale
0x6d9243D766AB0051F998883A7d841b8458Fbd026,73245,0xbc2d6E7c81E7f35473b3594031FCC4c519fD24Ad,1,0xad2468ed65328f267050c3fbf6398a80de751ccb,1,299000000000000,44112802,135790,4916969,1742968689,0x3ff159af8ed673dd49700e09008662ee4042281326a7fd6b2df2c2a60bb20b6c,NewSale
0xC0DEc165A5d6e6766Fbc35c977f89535899D0411,70984,0xbc2d6E7c81E7f35473b3594031FCC4c519fD24Ad,0,0xb4b336e74a0b58622472728ce741ad057f12cec5,1,289990000000000,43532138,142201,4917000,1742968751,0x4e08ef5bbbb3244d737baff56216c9cabc770ed4cd370d03f5b157295d0e4943,NewSale
0x0dCC78131253C7EEABDFBA2fb1A656e8Cfdd516D,73642,0xbc2d6E7c81E7f35473b3594031FCC4c519fD24Ad,1,0xa976a5990cd43cd72639fa7056bb77eaebe0a7c5,1,289000000000000,43656934,135790,4917013,1742968777,0x975d0cff2967d69e64bac33b1af914953ac89bf08a8cbf9de1930057c8eebf9a,NewSale
0x852cfBb501439EAe214f6Ed3C0d56881e00356fE,73270,0xbc2d6E7c81E7f35473b3594031FCC4c519fD24Ad,1,0xa0065b682bd96304e941679b825c40cb8d0909c2,1,299000000000000,43700000,152890,4917024,1742968799,0x8994287e0b3d55ebcd10db6f5f5244896cb521e54843837e86362dc8ffac490e,NewSale
0x529F71B8285ECbabF59359e9284E98AD05e683E7,73659,0xbc2d6E7c81E7f35473b3594031FCC4c519fD24Ad,1,0x64f7c019021ac74a68d90d08491ca43b2a632e71,1,15300000000000000000,43527518,178454,4917025,1742968801,0x155de9567bec8550dd42a314d08e4fb12a3d0d97bd5ed9e622f0a9e34a7a54df,NewSale
0x3E4aEBaF82d0202B6e2902aE590c4f08a82D26Ee,73660,0xbc2d6E7c81E7f35473b3594031FCC4c519fD24Ad,1,0xa976a5990cd43cd72639fa7056bb77eaebe0a7c5,1,270000000000000,43725848,140578,4917036,1742968823,0x17fc002237354cf02e1888e1629dd1f2930cf4df199319cddc9a0a6d865e4699,NewSale
0x529F71B8285ECbabF59359e9284E98AD05e683E7,73659,0xbc2d6E7c81E7f35473b3594031FCC4c519fD24Ad,1,0x64f7c019021ac74a68d90d08491ca43b2a632e71,1,15300000000000000000,43806819,161354,4917045,1742968841,0x92d457b75bdcae8b077e40c670944286de3696a2b340eadcef8a501b43b54b82,NewSale
0x529F71B8285ECbabF59359e9284E98AD05e683E7,73659,0xbc2d6E7c81E7f35473b3594031FCC4c519fD24Ad,1,0x64f7c019021ac74a68d90d08491ca43b2a632e71,1,15300000000000000000,44131716,161354,4917065,1742968881,0x38ba73bd2a1232bcbb86f89ae7ad608f5f2f8310c83ff02324313db407f84489,NewSale
0xC0DEc165A5d6e6766Fbc35c977f89535899D0411,70984,0xbc2d6E7c81E7f35473b3594031FCC4c519fD24Ad,0,0xad2468ed65328f267050c3fbf6398a80de751ccb,1,289990000000000,44438858,142201,4917068,1742968887,0xbf5f703d3f80796b7c93870a16e6ac5be839f187b4f88544f610f4766813e1e6,NewSale
0x529F71B8285ECbabF59359e9284E98AD05e683E7,73659,0xbc2d6E7c81E7f35473b3594031FCC4c519fD24Ad,1,0x64f7c019021ac74a68d90d08491ca43b2a632e71,1,15300000000000000000,44693732,161354,4917086,1742968923,0x8efb55bd6ae1fc2c44a5e42336e61f37d74fc2d92635407c29da870b83019faa,NewSale
0x529F71B8285ECbabF59359e9284E98AD05e683E7,73659,0xbc2d6E7c81E7f35473b3594031FCC4c519fD24Ad,1,0x64f7c019021ac74a68d90d08491ca43b2a632e71,1,15300000000000000000,44771994,161354,4917105,1742968961,0x79a9c9f0ebd06da4e0abdb5704b82e865fc99f9b3c2711ffab0af54cb6754a04,NewSale
0x529F71B8285ECbabF59359e9284E98AD05e683E7,73659,0xbc2d6E7c81E7f35473b3594031FCC4c519fD24Ad,1,0x64f7c019021ac74a68d90d08491ca43b2a632e71,1,15300000000000000000,44974892,161354,4917125,1742969001,0x36eb0482cd897b7e9f358986ad4c64a7d9f26f5ff71bc4747f8b6a5dad116ba6,NewSale
0x9D3732727D5d56C2234264aB0154111EB91dD0CA,73609,0xbc2d6E7c81E7f35473b3594031FCC4c519fD24Ad,0,0xad2468ed65328f267050c3fbf6398a80de751ccb,1,298900000000000,45113065,135790,4917130,1742969011,0x38fe830e8be2acd61f685a0caf29a5fd5381cc30b4851ac26293eded7cea70ca,NewSale
0x529F71B8285ECbabF59359e9284E98AD05e683E7,73659,0xbc2d6E7c81E7f35473b3594031FCC4c519fD24Ad,1,0x64f7c019021ac74a68d90d08491ca43b2a632e71,1,15300000000000000000,45143634,161354,4917145,1742969041,0xdf97b0c75683706f368bc7855c330ffbc56bee8975fb795a784dd689dc860bbd,NewSale
0x529F71B8285ECbabF59359e9284E98AD05e683E7,73659,0xbc2d6E7c81E7f35473b3594031FCC4c519fD24Ad,1,0x64f7c019021ac74a68d90d08491ca43b2a632e71,1,15300000000000000000,45526157,161354,4917165,1742969081,0xd0f5b16fabb92cbdc184a950e23e8843e725268cf09894849e0a1c4ca856efc9,NewSale
0x529F71B8285ECbabF59359e9284E98AD05e683E7,73659,0xbc2d6E7c81E7f35473b3594031FCC4c519fD24Ad,1,0x64f7c019021ac74a68d90d08491ca43b2a632e71,1,15300000000000000000,45581565,161354,4917185,1742969121,0xa574620f7a125ce7af93637add8e8f1834e0fd96306925ceef0b53cdfe3401e7,NewSale
0xC0DEc165A5d6e6766Fbc35c977f89535899D0411,69451,0xbc2d6E7c81E7f35473b3594031FCC4c519fD24Ad,0,0xad2468ed65328f267050c3fbf6398a80de751ccb,1,299999900000000,45236943,142201,4917192,1742969135,0x36b8bc129f5eb4897d23a426bd9488e00f9c2a898596e754503f0ed7156b5742,NewSale
0x529F71B8285ECbabF59359e9284E98AD05e683E7,73659,0xbc2d6E7c81E7f35473b3594031FCC4c519fD24Ad,1,0x64f7c019021ac74a68d90d08491ca43b2a632e71,1,15300000000000000000,44941232,161354,4917204,1742969159,0x635c4144d365143eae19b2b2681cf83cc49761f3d11c8c8486103fe84cc5a122,NewSale
0x529F71B8285ECbabF59359e9284E98AD05e683E7,73659,0xbc2d6E7c81E7f35473b3594031FCC4c519fD24Ad,1,0x64f7c019021ac74a68d90d08491ca43b2a632e71,1,15300000000000000000,44625043,161354,4917224,1742969199,0xb12933e0f2b20df4f37a39f38f9e0599c92c97816ddcfe3624bace9baf8da60f,NewSale
0x529F71B8285ECbabF59359e9284E98AD05e683E7,73659,0xbc2d6E7c81E7f35473b3594031FCC4c519fD24Ad,1,0x64f7c019021ac74a68d90d08491ca43b2a632e71,1,15300000000000000000,44371340,161354,4917244,1742969239,0x2e559a795a1d7497e3a9be904b1ed76e5693335eaa1709a52c5c4e834725675d,NewSale
0xa976A5990cd43cd72639Fa7056BB77Eaebe0A7C5,73694,0xbc2d6E7c81E7f35473b3594031FCC4c519fD24Ad,1,0xad2468ed65328f267050c3fbf6398a80de751ccb,1,250000000000000,44514263,140578,4917247,1742969245,0xd5459e6188d7d0b7c852d4c7507c2d202e7bf5b0bf201315fd664921f032ab40,NewSale
0x529F71B8285ECbabF59359e9284E98AD05e683E7,73659,0xbc2d6E7c81E7f35473b3594031FCC4c519fD24Ad,1,0x64f7c019021ac74a68d90d08491ca43b2a632e71,1,15300000000000000000,44900092,161354,4917263,1742969277,0x18a9a06d84f7521cfea74d9cbd9a2ff12288757f89daca4ba09a730941cc75f5,NewSale
0xC0DEc165A5d6e6766Fbc35c977f89535899D0411,70984,0xbc2d6E7c81E7f35473b3594031FCC4c519fD24Ad,0,0x8a89e9075dc6fbf51716d2b466c8e15a8f441de1,1,289990000000000,44870640,142201,4917272,1742969295,0x69235975e4d0e7451f80b5472912632614b5ec670dafa9dc1247fc32c1b66feb,NewSale
0x828A028ccf6EcF6E66E8F97D5b332A226bA86Acd,72011,0x7e5F161dd824d98AC3474eBf550716d0cb83E8C6,1,0x2ac59b7af734834c30c61f703ebc9dc337dc1cbd,1,500000000000000,44799149,162483,4917274,1742969299,0xeaba97eadbeb8b1ae1704f34c91c9ccbffd335f72fd9032e58ac66bb18326a11,NewSale
0x529F71B8285ECbabF59359e9284E98AD05e683E7,73659,0xbc2d6E7c81E7f35473b3594031FCC4c519fD24Ad,1,0x64f7c019021ac74a68d90d08491ca43b2a632e71,1,15300000000000000000,44491832,161354,4917284,1742969319,0x8042a534a0830217d6c0d142ba4a689be7ef99e75728cf8cdbd365246965a54d,NewSale
0x3E4aEBaF82d0202B6e2902aE590c4f08a82D26Ee,73672,0xbc2d6E7c81E7f35473b3594031FCC4c519fD24Ad,1,0xead554461aa99288782cd63f46b5085d0dc39cee,1,270000000000000,44700000,140578,4917290,1742969331,0xedeac39e5d7dcef24bc87054726112521beb1509ee800f1e7ac91cc6e6c3bc9b,NewSale
0xa976A5990cd43cd72639Fa7056BB77Eaebe0A7C5,73693,0xbc2d6E7c81E7f35473b3594031FCC4c519fD24Ad,1,0x8a89e9075dc6fbf51716d2b466c8e15a8f441de1,1,270000000000000,44693275,157678,4917292,1742969335,0x310b6e777a327bbe3bc06e4958adc13d57a02576a969d8fcbc0bfd0008ef0d71,NewSale
0x529F71B8285ECbabF59359e9284E98AD05e683E7,73659,0xbc2d6E7c81E7f35473b3594031FCC4c519fD24Ad,1,0x64f7c019021ac74a68d90d08491ca43b2a632e71,1,15300000000000000000,44725423,161354,4917304,1742969359,0x8428476acaef850ef96c9a0c4754130b361654a43f01173cebfaef8e5d3193ed,NewSale
0x4B42391Baa84D0D412c2c89ba78d05304a7D679b,71390,0x02e21A25F0038fa5BDEe9c0b77aC0c1E84d3d6f0,1781,0x0cab9098a9e924c160cb7ed055b1499b5d9bcb55,1,700000000000000,44930000,155258,4917307,1742969365,0x78fb67381117f63fab0f9169be2d4da6258bf6d6311720142aa12875505e1841,NewSale
0xa976A5990cd43cd72639Fa7056BB77Eaebe0A7C5,73699,0xbc2d6E7c81E7f35473b3594031FCC4c519fD24Ad,1,0x8a89e9075dc6fbf51716d2b466c8e15a8f441de1,1,270000000000000,44708036,140578,4917317,1742969385,0xe9442e46a97a0cfbd3e78327d8965aa56181b3688fbfd41b19c32b9b4de17e1e,NewSale
0x529F71B8285ECbabF59359e9284E98AD05e683E7,73659,0xbc2d6E7c81E7f35473b3594031FCC4c519fD24Ad,1,0x64f7c019021ac74a68d90d08491ca43b2a632e71,1,15300000000000000000,44604424,161354,4917323,1742969397,0x46c4fd7cf2589c2031ebbb8ae32847a3b8f0c1af286093a7bdb0b9f5c020e46a,NewSale
0x18613C7C626d793eDc94f145BCa9fD6cCd9566Df,73700,0xdc0F91C5a4D200FfC21658901c77c0fE1A14d199,0,0xce0f321e6d75972a4ac54da6a31b115032e465c0,1,630000000000000,44680000,145383,4917335,1742969421,0x58cfe41899dd1bddcb3844abc6e660440861c0db049b5e4ca638a6978177f80e,NewSale
0xC0DEc165A5d6e6766Fbc35c977f89535899D0411,70984,0xbc2d6E7c81E7f35473b3594031FCC4c519fD24Ad,0,0xea01fb473033ed0aea4f1ecc3c8bda41a2cf4134,1,289990000000000,44915244,142201,4917345,1742969441,0x6c5138ead28195e576fccb3f753ee1bce93deae7d1b0e93abf3c96d600f88a0c,NewSale
0x4B42391Baa84D0D412c2c89ba78d05304a7D679b,71391,0x02e21A25F0038fa5BDEe9c0b77aC0c1E84d3d6f0,1780,0x0cab9098a9e924c160cb7ed055b1499b5d9bcb55,1,700000000000000,45630000,138158,4917412,1742969575,0xb69b6c3c28b5d988a4caba27063e0e74e57c3419a39351e44d585394034221d7,NewSale
0x529F71B8285ECbabF59359e9284E98AD05e683E7,73659,0xbc2d6E7c81E7f35473b3594031FCC4c519fD24Ad,1,0x64f7c019021ac74a68d90d08491ca43b2a632e71,1,15300000000000000000,45897706,154943,4917417,1742969585,0xa791aaf70cd84d0100b0097c1fb56795f4d7904c72b7e2e436e366c20f120069,NewSale
0x7216f5384dbc9e61f37349f3C08fb1Bd55e29EA9,73318,0xdc0F91C5a4D200FfC21658901c77c0fE1A14d199,0,0x896df273c0c6fd97230b83b21bd5b5d31dcb9d57,1,50000000000000000000,46140283,169830,4917421,1742969593,0x75b5ff05c22e47d4958f1af9a00a7ed2ecb76c46d04844b60c88b2a591483293,NewSale
0x41f07238C5096Eb7eb68c50FE8AE5AdDECBBF5C2,69845,0xbFCACb23F0B41EeEDFf7d04f52CE8f5125150806,8,0x2ac59b7af734834c30c61f703ebc9dc337dc1cbd,1,500000000000000,46419934,164783,4917457,1742969665,0xc585aba179a90aea25926edf770bc4f77d76d02737b3da9289f9905d300eacc2,NewSale
0xeF0Ef28b882d166B732d00A01Ea762B9CCd3FE44,73683,0xbc2d6E7c81E7f35473b3594031FCC4c519fD24Ad,1,0xcec925d74ec57c4d69159e6c3693f992dfd61297,1,280000000000000,46208245,159289,4917469,1742969689,0x2a6258e5433e81d9fcf93ebf1b66c02db2b1c3cdda9b4a2662cf5942b78c6b20,NewSale
0xC0DEc165A5d6e6766Fbc35c977f89535899D0411,70984,0xbc2d6E7c81E7f35473b3594031FCC4c519fD24Ad,0,0xea01fb473033ed0aea4f1ecc3c8bda41a2cf4134,1,289990000000000,46194176,142201,4917478,1742969707,0xf86206396c485a73a9dc7c691a3759a120656420943d923d000f8d670c836e4d,NewSale
0x35467a1eA60383a0AE46aE683c368414d7F17DA6,73735,0xbc2d6E7c81E7f35473b3594031FCC4c519fD24Ad,0,0x9fc440a1185497a988443d5ca151d8e0127995b7,1,260000000000000,45528444,135778,4917493,1742969737,0x766011d78ffb33c7665f71e7f6c43b6ec0da3033e757375389caf91e79b8cdf9,NewSale
0xa976A5990cd43cd72639Fa7056BB77Eaebe0A7C5,73686,0xbc2d6E7c81E7f35473b3594031FCC4c519fD24Ad,1,0x8a89e9075dc6fbf51716d2b466c8e15a8f441de1,1,260000000000000,45291129,135778,4917519,1742969789,0x30cb0043b1bfe05e96cc8d8ad53dceb7a8b85dfbd893f541e8dd789ece9c43a4,NewSale
0xeF0Ef28b882d166B732d00A01Ea762B9CCd3FE44,73683,0xbc2d6E7c81E7f35473b3594031FCC4c519fD24Ad,1,0xcec925d74ec57c4d69159e6c3693f992dfd61297,1,280000000000000,45234267,142189,4917525,1742969801,0xb18bcc593e9dd9cde26edd6ae28c761dd6f3d4b9c87353455fcd2be4e5c604fa,NewSale
0x4B42391Baa84D0D412c2c89ba78d05304a7D679b,71392,0x02e21A25F0038fa5BDEe9c0b77aC0c1E84d3d6f0,1779,0x0cab9098a9e924c160cb7ed055b1499b5d9bcb55,1,700000000000000,45460000,138158,4917532,1742969815,0xed64844988ed8c2d7086b0d9c3579c1fb8cac90738d40375a79320d989445076,NewSale
0x22179992Fe202c2BEC320F92128D99b43CadD5C4,73746,0xbc2d6E7c81E7f35473b3594031FCC4c519fD24Ad,1,0x3996bd5bd26e565bbcea9608af6ff5bbb1a66471,1,288000000000000,44849080,152878,4917550,1742969851,0x3ae7aa5d16bffdad1b6355db958e77a26cc019430ec70e9aad7b497920880738,NewSale
0xeF0Ef28b882d166B732d00A01Ea762B9CCd3FE44,73683,0xbc2d6E7c81E7f35473b3594031FCC4c519fD24Ad,1,0x7e8ed65fa3638d95daa4aec0d55f274bd566d5fa,1,280000000000000,44953417,159289,4917563,1742969877,0x3641412c3a3a0e09bbd4914b83ba125f8e892b17b15f4326f1587c104c943cb2,NewSale
0x323e9aCdEB249f7E5f0358D8A01C4BC4158589be,73707,0xbc2d6E7c81E7f35473b3594031FCC4c519fD24Ad,1,0xcec925d74ec57c4d69159e6c3693f992dfd61297,1,289000000000000,45241682,135790,4917573,1742969897,0xb4544dda38d4c453f54c2d418d4b89277e60ef0fe6370053b02f7f4909ebc5f9,NewSale
0xc2782003Dbd678a812EA688DD913773d2023b719,73720,0xbc2d6E7c81E7f35473b3594031FCC4c519fD24Ad,1,0x9fc440a1185497a988443d5ca151d8e0127995b7,1,289000000000000,45138487,152890,4917574,1742969899,0x98e8dab70da5cbe4c81811f7009203b7568edec4a358207ddf1e585870b10d85,NewSale
0x4CBB01E73b17fE7cb0AF601A532ecEcAf9A1e736,72289,0xdc0F91C5a4D200FfC21658901c77c0fE1A14d199,0,0x359b499fb88560d14a391198f7d093408b238e55,1,650000000000000,329508000,150183,4917579,1742969909,0xfea984e757442dd16b634432cd17184aeb48853d822318f67db4faee1eb044d1,NewSale
0xDf1EEb0C76924D0718dA2eb5D060dA49d5863381,73704,0xbc2d6E7c81E7f35473b3594031FCC4c519fD24Ad,1,0x3996bd5bd26e565bbcea9608af6ff5bbb1a66471,1,289000000000000,45271914,135790,4917581,1742969913,0xa67993fd5cc8c34f533364167a3aa9ba1b61fe70b4df7c9799bdeabec5381437,NewSale
