listing_creator,listing_id,asset_contract,token_id,buyer,quantity_bought,total_price_paid,gas_price,gas_used,block_number,timestamp,transaction_hash,event_type
0xcD68B0F07Ef1d0ef370c42889abc87C3C62A2C84,79448,0xbc2d6E7c81E7f35473b3594031FCC4c519fD24Ad,0,0xf0bb2a704a0dadf59226e9bae89555841b16e7d5,1,180000000000000,25173539,135778,4987653,1743110057,0x0f5ea20704ec427ba6069954aced5567007c428e24ebcb8df82a42361cd15cb4,NewSale
0xeF0Ef28b882d166B732d00A01Ea762B9CCd3FE44,79449,0xbc2d6E7c81E7f35473b3594031FCC4c519fD24Ad,1,0x97ae2687b3783d36c06eac98b3169b355fa9eb40,1,180000000000000,25114553,142189,4987657,1743110065,0x9aaceb03b39976802821221ae7980cf355a91e464d5ef8d6ed9080b626db308a,NewSale
0xbAa9672503be4067CCc6eBB08BEe52af3e0b3b4C,79439,0x2Bf46D4497e98FbA2304B0d2453922FFf559Ea02,51,0x24a940522b701b138ab40a61fccc2b8630d00725,1,666600000000000,13122681,164783,4987657,1743110065,0x5b78c901e25c9106909015a9e8dad9f19cf6504c0809063f81c37df0a06520e6,NewSale
0xeF0Ef28b882d166B732d00A01Ea762B9CCd3FE44,79449,0xbc2d6E7c81E7f35473b3594031FCC4c519fD24Ad,1,0xf0bb2a704a0dadf59226e9bae89555841b16e7d5,1,180000000000000,25007252,159289,4987675,1743110101,0x7cae0a2b1c98cc87a07ca13e4426177384ec4b501a7529ce80ba8960f86c88af,NewSale
0xeF0Ef28b882d166B732d00A01Ea762B9CCd3FE44,79449,0xbc2d6E7c81E7f35473b3594031FCC4c519fD24Ad,1,0x8c5ef87f3150599685ca43f0f5f03b5edc9285b3,1,180000000000000,13790000,159289,4987689,1743110129,0xa464c6b3f4dbadee147b64c27f4c6da9ecda4661c2b7debd2956068123100233,NewSale
0xeF0Ef28b882d166B732d00A01Ea762B9CCd3FE44,79449,0xbc2d6E7c81E7f35473b3594031FCC4c519fD24Ad,1,0xf0bb2a704a0dadf59226e9bae89555841b16e7d5,1,180000000000000,13399270,142189,4987691,1743110133,0xb550bf5828b90965476d957c6d1ac4c74363887ade51a0fe8af386e8ed9bbc9e,NewSale
0xf4923330Bd482Bdf3fD2A8BD97B8123118053F72,79496,0xbc2d6E7c81E7f35473b3594031FCC4c519fD24Ad,0,0x4eede67dcb2312718aea469b4a2d9119f1a44c44,1,180000000000000,12942644,140578,4987697,1743110145,0x0747f490db47ea69536a2a7f5a50bf1d33141f998a1c37e87ac028058817aa98,NewSale
0x6b9e131575Fe311F33F6B39a846759A2E0343739,79267,0xbc2d6E7c81E7f35473b3594031FCC4c519fD24Ad,1,0x17c4330ba577f2ead132998c4fe7ae942cec736a,1,249900000000000,12934710,135778,4987703,1743110157,0xeb8462eb56e55637130a39d22d5c7fb2c5f43c6f9814a23e6cd86114be295888,NewSale
0xf4923330Bd482Bdf3fD2A8BD97B8123118053F72,79494,0xbc2d6E7c81E7f35473b3594031FCC4c519fD24Ad,0,0x66b078eddfc81023d6887d902fc3a3232ff85fd5,1,180000000000000,13400000,140578,4987704,1743110159,0x99d5e9e57467787ed46841322599d994e8890e2daf87fc7e1fe268fc91f4d86b,NewSale
0xeF0Ef28b882d166B732d00A01Ea762B9CCd3FE44,79449,0xbc2d6E7c81E7f35473b3594031FCC4c519fD24Ad,1,0x9f570efc260ce1463dd4c1a60ebc64612efbd539,1,180000000000000,24662530,142189,4987710,1743110171,0x2b2509d8e8db4216f69427ef27205f930f89a3b097c1805956bd26a974caf8c6,NewSale
0xeF0Ef28b882d166B732d00A01Ea762B9CCd3FE44,79371,0xbc2d6E7c81E7f35473b3594031FCC4c519fD24Ad,1,0x3b6514326ed0362566e241210d43a90edb6287c9,1,185000000000000,13340000,159289,4987715,1743110181,0xa3f86fcd5a772b13e0a9a87c5aeb28e5ff93d8f1ac3255457277884af47c3cd1,NewSale
0x1Bc59be737881422fF18E83CaB84975aA9c10E0A,79475,0xbc2d6E7c81E7f35473b3594031FCC4c519fD24Ad,0,0x3b6514326ed0362566e241210d43a90edb6287c9,1,180000000000000,13340000,140578,4987725,1743110201,0x04a238416bb6253db41aaca3ec07e8720ba6e87e8b63059334bb63c85e60ccd9,NewSale
0x9f570EFc260Ce1463DD4C1A60ebc64612eFbD539,79468,0xbc2d6E7c81E7f35473b3594031FCC4c519fD24Ad,0,0x8f657f250ba5636572e3fda57dd378d077b524e1,1,180000000000000,24470267,135778,4987727,1743110205,0x3e0aecaa1ab776a65ae22e39615ef5e5972eec1e055f8a124b8fbe181a2d3d26,NewSale
0xF0bb2A704A0DaDF59226e9baE89555841b16e7D5,79455,0xbc2d6E7c81E7f35473b3594031FCC4c519fD24Ad,0,0xcd68b0f07ef1d0ef370c42889abc87c3c62a2c84,1,180000000000000,24494284,157678,4987728,1743110207,0x66c02b4f0f6fdacdd807492476ecbbac30e02fc05f62f6e025ce4fc7be474d57,NewSale
0x39afE2176De832BE2A5164e5fC91E27D1355c88d,79459,0xdc0F91C5a4D200FfC21658901c77c0fE1A14d199,0,0xe0394c3b08ba043b6924bc691b100b600c55ccc6,1,590000000000000,24454892,145383,4987731,1743110213,0xd0ad5a90020db0db62092d948a59773ea6458274d92acfd54690618828585cca,NewSale
0xeF0Ef28b882d166B732d00A01Ea762B9CCd3FE44,79449,0xbc2d6E7c81E7f35473b3594031FCC4c519fD24Ad,1,0x3b6514326ed0362566e241210d43a90edb6287c9,1,180000000000000,13210000,142189,4987738,1743110227,0xa82017e2e713713a7141960ec070c36b9b76d9d9d61fbeb17767798d90cf1e41,NewSale
0xa054C787f18470EC855e740cfFA5a760dF7aa748,79497,0xbc2d6E7c81E7f35473b3594031FCC4c519fD24Ad,0,0x4eede67dcb2312718aea469b4a2d9119f1a44c44,1,180000000000000,12879412,140578,4987740,1743110231,0x219c56fea4508b9dc1e91ccfc1f332de43b8fdac56b0922b4b48c7bca6f2669b,NewSale
0xeF0Ef28b882d166B732d00A01Ea762B9CCd3FE44,79449,0xbc2d6E7c81E7f35473b3594031FCC4c519fD24Ad,1,0x9f570efc260ce1463dd4c1a60ebc64612efbd539,1,180000000000000,24488996,142189,4987744,1743110239,0xb4ad4aebcce2872e93230b06865a9f341cd066c7cffc9ffb9618584d101de26f,NewSale
0xeF0Ef28b882d166B732d00A01Ea762B9CCd3FE44,79449,0xbc2d6E7c81E7f35473b3594031FCC4c519fD24Ad,1,0xcd68b0f07ef1d0ef370c42889abc87c3c62a2c84,1,180000000000000,24513259,159289,4987747,1743110245,0xdd76742b81dc29ab4058b8b39f86c1cc4edf2124fffa028fc932b0b5687ebfeb,NewSale
0xeF0Ef28b882d166B732d00A01Ea762B9CCd3FE44,79449,0xbc2d6E7c81E7f35473b3594031FCC4c519fD24Ad,1,0x3b6514326ed0362566e241210d43a90edb6287c9,1,180000000000000,13210000,142189,4987749,1743110249,0x174784fdde6dfa3ced843e5e58d7b5b76e04de491df2106e4276d616e9a846e4,NewSale
0x9f570EFc260Ce1463DD4C1A60ebc64612eFbD539,79467,0xbc2d6E7c81E7f35473b3594031FCC4c519fD24Ad,1,0x8f657f250ba5636572e3fda57dd378d077b524e1,1,180000000000000,24481782,157678,4987751,1743110253,0x8a75918d10f3eb4881b1a168fac2025a202a09931df1a11c2ca1cc0976648a34,NewSale
0xeF0Ef28b882d166B732d00A01Ea762B9CCd3FE44,79449,0xbc2d6E7c81E7f35473b3594031FCC4c519fD24Ad,1,0x9f570efc260ce1463dd4c1a60ebc64612efbd539,1,180000000000000,24455826,140578,4987758,1743110267,0x154ea0107e60a2293aacce9c8a52fcf98951dae3de62ba9cb3d78606b788354f,NewSale
0xA3Aa684b021f1AfB3C12E12fA04C1422EEC849fe,79489,0xbc2d6E7c81E7f35473b3594031FCC4c519fD24Ad,0,0x3b6514326ed0362566e241210d43a90edb6287c9,1,180000000000000,13210000,140578,4987763,1743110277,0xd021826179af16e69c3573431228adc0b4909f3f0a72edd73e94e3a483c37b39,NewSale
0x2fFF49a95237D0dA72d9F0620B2c44EfdcB15E5B,79487,0xbc2d6E7c81E7f35473b3594031FCC4c519fD24Ad,0,0xcd68b0f07ef1d0ef370c42889abc87c3c62a2c84,1,180000000000000,24379985,140578,4987774,1743110299,0x18f85bb2824083ceca772584f4ff2a7d10c99f291cab08e60e42e6a624c96688,NewSale
0x76e13D92276b45EB000F79CA51F41D747d0C76B9,79369,0xbc2d6E7c81E7f35473b3594031FCC4c519fD24Ad,0,0x8c5ef87f3150599685ca43f0f5f03b5edc9285b3,1,200000000000000,13210000,140578,4987777,1743110305,0x3d85e3f1a6bbf0bf5225441eb425ba7fc32f7b1c2d2cff2cc09a9ef282c5d4c1,NewSale
0xeF0Ef28b882d166B732d00A01Ea762B9CCd3FE44,79371,0xbc2d6E7c81E7f35473b3594031FCC4c519fD24Ad,1,0x3b6514326ed0362566e241210d43a90edb6287c9,1,185000000000000,13210000,142189,4987786,1743110323,0xbe31761e094cd25e525a29758e8b873962c21e2bc6c5943db033d6337b6480fb,NewSale
0x2fFF49a95237D0dA72d9F0620B2c44EfdcB15E5B,79490,0xbc2d6E7c81E7f35473b3594031FCC4c519fD24Ad,0,0x5bf68d688b9a8a06cb3fc2fd236c150fdc1b2e8d,1,180000000000000,24156993,135778,4987801,1743110353,0xa07a2e5cb3c9ba41facad09a65ac161c0e0e4d4aac3ce80bc0e805be017e9c76,NewSale
0xeF0Ef28b882d166B732d00A01Ea762B9CCd3FE44,79371,0xbc2d6E7c81E7f35473b3594031FCC4c519fD24Ad,1,0x8f657f250ba5636572e3fda57dd378d077b524e1,1,185000000000000,24156993,135778,4987801,1743110353,0xfb025675507de862450b9ccb480287903e441213fa7f5637d4957050a8ae248d,NewSale
0x5Bf68D688B9a8a06Cb3fC2fD236C150FDC1B2E8d,79519,0xbc2d6E7c81E7f35473b3594031FCC4c519fD24Ad,0,0x3b6514326ed0362566e241210d43a90edb6287c9,1,160000000000000,13210000,140566,4987808,1743110367,0x04b4553dabaf17e3b46cbfa46063f635dc63e8bc80a1bb2608eae901ee2f3d27,NewSale
0x2fFF49a95237D0dA72d9F0620B2c44EfdcB15E5B,79493,0xbc2d6E7c81E7f35473b3594031FCC4c519fD24Ad,1,0x5bf68d688b9a8a06cb3fc2fd236c150fdc1b2e8d,1,180000000000000,23772076,152878,4987825,1743110401,0xed9d13f3e52a4758f6485611aeb7fe13200c383f47896f6cbb4e3cdbd6ad9472,NewSale
0x591C294443e54D91D7EF1DF91Ce81E31528fEad4,79516,0xbc2d6E7c81E7f35473b3594031FCC4c519fD24Ad,0,0xd2ee27c1f2eb1175b45d24fb0f91304f017c49c3,1,200000000000000,23767920,140578,4987833,1743110417,0xe2b2a55aeb29fc8e1f597b705a5f9f7cf0672eb0ad6a0378c922def9b9cd4e6b,NewSale
0x7B8961c71F8006366Cfa7e9714F2ad002418a721,79250,0xbc2d6E7c81E7f35473b3594031FCC4c519fD24Ad,0,0x5bf68d688b9a8a06cb3fc2fd236c150fdc1b2e8d,1,190000000000000,23708327,135778,4987836,1743110423,0xcb16e1ecc618d978e7b486350d9a3ce3dbba13643e8664fd96ca1ae94fd1729f,NewSale
0x5037ec1560AA918e8f9E2405D8590F8Fd3BA6658,79517,0xbc2d6E7c81E7f35473b3594031FCC4c519fD24Ad,1,0xd2ee27c1f2eb1175b45d24fb0f91304f017c49c3,1,199700000000000,23688251,157678,4987837,1743110425,0xc85c77cb3fa642c2b9217a19b4a44be805c40c5bc03fcb9b2de1b05a12dd8e9b,NewSale
0x5037ec1560AA918e8f9E2405D8590F8Fd3BA6658,79520,0xbc2d6E7c81E7f35473b3594031FCC4c519fD24Ad,1,0x5bf68d688b9a8a06cb3fc2fd236c150fdc1b2e8d,1,199800000000000,23657329,140578,4987838,1743110427,0x7f9d4d771258cfc3c628eb6afadbf257d3e58e22253e48f0fd56ed3954bb9dcd,NewSale
0x1Bc59be737881422fF18E83CaB84975aA9c10E0A,79472,0xbc2d6E7c81E7f35473b3594031FCC4c519fD24Ad,0,0x8c5ef87f3150599685ca43f0f5f03b5edc9285b3,1,200000000000000,13210000,140578,4987843,1743110437,0x27dd20b3d2be51ac1c9ffa3f54f18bac7fdbcd2b4f8f9a7d8d587c8bc089f82a,NewSale
0x30e385A63834a49d8C27f9a47F57297406336441,79161,0xdc0F91C5a4D200FfC21658901c77c0fE1A14d199,0,0x013b77c14ec5b2510452cda5f7db0f9875df229c,1,656000000000000,12414028,150171,4987844,1743110439,0x04138318a80a093ba11e77ad742bf1cfb9fe4e9a1088471c29b6577a8e821657,NewSale
0xf8a78cC7A8497eCa4a6E570e3A0d2dda39356a61,79521,0xbc2d6E7c81E7f35473b3594031FCC4c519fD24Ad,0,0x3b6514326ed0362566e241210d43a90edb6287c9,1,180000000000000,13030000,140578,4987847,1743110445,0x6c0afbddf4feda9f862d0ea3b0d158523adf0a2f8b89a91af659ee2ecba10dd4,NewSale
0x97AE2687b3783d36C06Eac98B3169b355fA9Eb40,79522,0xbc2d6E7c81E7f35473b3594031FCC4c519fD24Ad,0,0x5bf68d688b9a8a06cb3fc2fd236c150fdc1b2e8d,1,180000000000000,23727110,135778,4987861,1743110473,0xf186796ca7d43bde9b94c7fe16c60b067c7880e2d2c4ccd0de4758f133be89bf,NewSale
0xf8a78cC7A8497eCa4a6E570e3A0d2dda39356a61,79523,0xbc2d6E7c81E7f35473b3594031FCC4c519fD24Ad,0,0x3b6514326ed0362566e241210d43a90edb6287c9,1,180000000000000,13030000,140578,4987862,1743110475,0xdf4ac1d0eb07491693556e7d0bc0885792b9e8cdde8c66697d2fcad53d9b4870,NewSale
0x97AE2687b3783d36C06Eac98B3169b355fA9Eb40,79524,0xbc2d6E7c81E7f35473b3594031FCC4c519fD24Ad,1,0x5bf68d688b9a8a06cb3fc2fd236c150fdc1b2e8d,1,180000000000000,16426644,140578,4987886,1743110523,0xf4663a35bd83ccd8814dd58d8eec20b5ad272dedc4c5d83350c85e6cffe7c5f8,NewSale
0x97AE2687b3783d36C06Eac98B3169b355fA9Eb40,79526,0xbc2d6E7c81E7f35473b3594031FCC4c519fD24Ad,1,0x5bf68d688b9a8a06cb3fc2fd236c150fdc1b2e8d,1,170000000000000,23757760,135778,4987907,1743110565,0x222289c2340069cd4edf7ecca9b625ce20a6cda4625ccdd845e2c86113f65f39,NewSale
0xf8a78cC7A8497eCa4a6E570e3A0d2dda39356a61,79525,0xbc2d6E7c81E7f35473b3594031FCC4c519fD24Ad,0,0x5bf68d688b9a8a06cb3fc2fd236c150fdc1b2e8d,1,170000000000000,12953220,135778,4987909,1743110569,0xa634155df11d6379f3360d5141b87714186c824707e6f1e5eb6fef0a1c6d0612,NewSale
0x8F657F250ba5636572e3Fda57dd378d077B524e1,79510,0xbc2d6E7c81E7f35473b3594031FCC4c519fD24Ad,0,0xd2ee27c1f2eb1175b45d24fb0f91304f017c49c3,1,200000000000000,12994376,140578,4987926,1743110603,0x58dfbbc49aa0115962ca6a30ba70d7d2b16425a3633054ae261daf79cadb037b,NewSale
0x591C294443e54D91D7EF1DF91Ce81E31528fEad4,79506,0xbc2d6E7c81E7f35473b3594031FCC4c519fD24Ad,0,0x67f91c78413a1f782223d9332a327893a0aebb7c,1,200000000000000,13030000,157678,4987927,1743110605,0xe4c8d8d52071b2d80993697413466cfee6d5fd75aefc8a491109e9442ccbe6bb,NewSale
0x355c5D1501a3075b1e109Ec7Ce7C9b2406739B29,79211,0xbc2d6E7c81E7f35473b3594031FCC4c519fD24Ad,0,0x184d68b6e2afaa614406dd6f7c7ae861d1092141,1,200000000000000,12894265,135778,4987993,1743110737,0xa00a71924810d11429682c8f2115c01556925b3acbb7057e0290de82394e6e50,NewSale
0x9f570EFc260Ce1463DD4C1A60ebc64612eFbD539,79545,0xbc2d6E7c81E7f35473b3594031FCC4c519fD24Ad,1,0x830a6393d714670f53df3e5ba14ca5f92978bbdb,1,180000000000000,12978236,140578,4988027,1743110805,0x1198783ade72af7fa18c00f7c482e5e32b782858315a2e089a6b4d1fd947063e,NewSale
0xE7e917AbC77019A3Df205d9220028Af03f6E74B7,79528,0xbc2d6E7c81E7f35473b3594031FCC4c519fD24Ad,0,0xff75638b839dd7fec98a78126df033863651880c,1,130000000000000,12541192,152878,4988035,1743110821,0xbdbc971d507d5f809ffdefe9059a7b78832fb92ae66a60e25029a30664627023,NewSale
0xcD68B0F07Ef1d0ef370c42889abc87C3C62A2C84,79533,0xbc2d6E7c81E7f35473b3594031FCC4c519fD24Ad,1,0x4eede67dcb2312718aea469b4a2d9119f1a44c44,1,180000000000000,12577941,152878,4988046,1743110843,0x5e1be2c3f73559eb55cda518dfb06957b760e4568f604f6bf265a4046c4c803f,NewSale
0x5Bf68D688B9a8a06Cb3fC2fD236C150FDC1B2E8d,79548,0xbc2d6E7c81E7f35473b3594031FCC4c519fD24Ad,1,0xd2ee27c1f2eb1175b45d24fb0f91304f017c49c3,1,170000000000000,13014673,140578,4988057,1743110865,0xcc2c8a59950b3eb1e60a66f9bfa536c7f39b6ca62912bf739e99f36e5ee76e9a,NewSale
0xcD68B0F07Ef1d0ef370c42889abc87C3C62A2C84,79547,0xbc2d6E7c81E7f35473b3594031FCC4c519fD24Ad,0,0xd2ee27c1f2eb1175b45d24fb0f91304f017c49c3,1,180000000000000,13052255,140578,4988078,1743110907,0x41c0a73cc0f1860a56c2f5181b708501c3d30fac0b2111d65cfbe3c11761e6ab,NewSale
0x2e205ebEa4B8e1d6Cdf8B808053780f76a0531Ca,79551,0xbc2d6E7c81E7f35473b3594031FCC4c519fD24Ad,1,0xa499490597d9b9a5fa2e478b5b9c07c83e97a199,1,16002000000000002000,12860000,182178,4988078,1743110907,0x14494af2905944ba2bdb7b0468d762003bbbadcf6c55dc2afec587957a8e2187,NewSale
0x2e205ebEa4B8e1d6Cdf8B808053780f76a0531Ca,79551,0xbc2d6E7c81E7f35473b3594031FCC4c519fD24Ad,1,0xa499490597d9b9a5fa2e478b5b9c07c83e97a199,1,16002000000000002000,12620000,165078,4988091,1743110933,0x01111057423cbfe0f2d7bc787c1cade67d29a2ef7558c5f713a538fd58115bff,NewSale
0x1Bc59be737881422fF18E83CaB84975aA9c10E0A,79482,0xbc2d6E7c81E7f35473b3594031FCC4c519fD24Ad,1,0x830a6393d714670f53df3e5ba14ca5f92978bbdb,1,200000000000000,12954317,135778,4988102,1743110955,0x81039c69126472b91b57e8e6a53a463cb47282c23c017c1ac2de1f89b110b87d,NewSale
0x2e205ebEa4B8e1d6Cdf8B808053780f76a0531Ca,79551,0xbc2d6E7c81E7f35473b3594031FCC4c519fD24Ad,1,0xa499490597d9b9a5fa2e478b5b9c07c83e97a199,1,16002000000000002000,12620000,165078,4988105,1743110961,0x08cda210bdc2c3dd72b955a9356df1d30fa97e595856b5208695c1563b7f8408,NewSale
0xDcDDd3818F1B6217068dc36E66d3A18FBd0d949A,79335,0xbc2d6E7c81E7f35473b3594031FCC4c519fD24Ad,1,0x830a6393d714670f53df3e5ba14ca5f92978bbdb,1,249900000000000,12868224,135778,4988118,1743110987,0x478e5731b9cf075303b03a0a344beb5ebafe032380d9d05fa38f004dce8131f7,NewSale
0x2e205ebEa4B8e1d6Cdf8B808053780f76a0531Ca,79551,0xbc2d6E7c81E7f35473b3594031FCC4c519fD24Ad,1,0xa499490597d9b9a5fa2e478b5b9c07c83e97a199,1,16002000000000002000,12620000,165078,4988120,1743110991,0x34c787354d8ce1c9e0a95af8e48a33c730e28fca915391bcd65cc32514c353e9,NewSale
0xc95b346b21FA5211F7252Fa0b4D3b3B2694B9d04,79320,0xbc2d6E7c81E7f35473b3594031FCC4c519fD24Ad,1,0x830a6393d714670f53df3e5ba14ca5f92978bbdb,1,249900000000000,12814130,135778,4988132,1743111015,0x21728d58c190cad76a4cd9818b61d206a362525f24a87bd554a2a4ad92eada17,NewSale
0x2e205ebEa4B8e1d6Cdf8B808053780f76a0531Ca,79551,0xbc2d6E7c81E7f35473b3594031FCC4c519fD24Ad,1,0xa499490597d9b9a5fa2e478b5b9c07c83e97a199,1,16002000000000002000,12620000,165078,4988133,1743111017,0xfa0fc3f19d1a175660d9381fc3d7be5dfe68964f2e6476d6afda45fdc000f173,NewSale
0x2e205ebEa4B8e1d6Cdf8B808053780f76a0531Ca,79551,0xbc2d6E7c81E7f35473b3594031FCC4c519fD24Ad,1,0xa499490597d9b9a5fa2e478b5b9c07c83e97a199,1,16002000000000002000,12620000,165078,4988146,1743111043,0x97f8dea10df858fd36fedb0b2d97e445767e55bfe0197134fe79cada6b3a39e1,NewSale
0x5Bf68D688B9a8a06Cb3fC2fD236C150FDC1B2E8d,79534,0xbc2d6E7c81E7f35473b3594031FCC4c519fD24Ad,1,0x8c5ef87f3150599685ca43f0f5f03b5edc9285b3,1,170000000000000,12620000,140578,4988147,1743111045,0x622896aa0d78b757757fc6ef8d5afad148828809315e5c1d23e21ccbbcb5d29a,NewSale
0xF0bb2A704A0DaDF59226e9baE89555841b16e7D5,79541,0xbc2d6E7c81E7f35473b3594031FCC4c519fD24Ad,1,0xd2ee27c1f2eb1175b45d24fb0f91304f017c49c3,1,180000000000000,12755194,140578,4988165,1743111081,0x12de5de84108652d0e5ba638f558688441b5885bd1075130667f84f93074b338,NewSale
0x2e205ebEa4B8e1d6Cdf8B808053780f76a0531Ca,79551,0xbc2d6E7c81E7f35473b3594031FCC4c519fD24Ad,1,0xa499490597d9b9a5fa2e478b5b9c07c83e97a199,1,16002000000000002000,12620000,165078,4988171,1743111093,0x824d49aa98c0b10687b4bfe73283fb7c1a6a5e7c7e329aee6b0e6bb57a9cc4ad,NewSale
0x5Bf68D688B9a8a06Cb3fC2fD236C150FDC1B2E8d,79540,0xbc2d6E7c81E7f35473b3594031FCC4c519fD24Ad,1,0xd2ee27c1f2eb1175b45d24fb0f91304f017c49c3,1,200000000000000,12731388,140578,4988175,1743111101,0x585cf6399d26fd1c400c319c74374e8ee53099c81ef2adde1d313b84481a63c4,NewSale
0xcD68B0F07Ef1d0ef370c42889abc87C3C62A2C84,79539,0xbc2d6E7c81E7f35473b3594031FCC4c519fD24Ad,0,0x8c5ef87f3150599685ca43f0f5f03b5edc9285b3,1,180000000000000,12620000,135778,4988176,1743111103,0xac0343607b74b4e599785d12da022d0048cc0f1f5872b12db0a38e8a9491d3ea,NewSale
0x2e205ebEa4B8e1d6Cdf8B808053780f76a0531Ca,79551,0xbc2d6E7c81E7f35473b3594031FCC4c519fD24Ad,1,0xa499490597d9b9a5fa2e478b5b9c07c83e97a199,1,16002000000000002000,12620000,165078,4988185,1743111121,0xd5bb0a58f6f9163ca8a86e8ac2d2d7fcfa8e51c83fb5e08cedacb14d75e67fe4,NewSale
0x2e205ebEa4B8e1d6Cdf8B808053780f76a0531Ca,79551,0xbc2d6E7c81E7f35473b3594031FCC4c519fD24Ad,1,0xa499490597d9b9a5fa2e478b5b9c07c83e97a199,1,16002000000000002000,12620000,165078,4988196,1743111143,0x83f0d644eeeacaca59a00035b8a87e66b7058faba1f7fe8cabc4164d1f5d8822,NewSale
0x5Bf68D688B9a8a06Cb3fC2fD236C150FDC1B2E8d,79555,0xbc2d6E7c81E7f35473b3594031FCC4c519fD24Ad,0,0x1f233153ce6e8a579edb0080cc831cc73e1d0d63,1,170000000000000,12189869,140566,4988207,1743111165,0xbdb17ac4040474e2bcf1838f57ea5ed707ae6077f424a84b30f82ce72768d911,NewSale
0x2e205ebEa4B8e1d6Cdf8B808053780f76a0531Ca,79551,0xbc2d6E7c81E7f35473b3594031FCC4c519fD24Ad,1,0xa499490597d9b9a5fa2e478b5b9c07c83e97a199,1,16002000000000002000,12610000,165078,4988209,1743111169,0xef3b9e5fa0937bca58f71f024d1977ed0ef8bda2f618b9ab2f55cbbab64a4766,NewSale
0x4eEDe67DCB2312718aEa469b4A2D9119F1a44c44,79561,0xbc2d6E7c81E7f35473b3594031FCC4c519fD24Ad,1,0x8c5ef87f3150599685ca43f0f5f03b5edc9285b3,1,180000000000000,12570000,135778,4988221,1743111193,0x8be72a6274a78dbe868190c72311a2db455b3930d833a9dc7184ef6b24c21796,NewSale
0x4eEDe67DCB2312718aEa469b4A2D9119F1a44c44,79553,0xbc2d6E7c81E7f35473b3594031FCC4c519fD24Ad,0,0x184d68b6e2afaa614406dd6f7c7ae861d1092141,1,170000000000000,12551190,140578,4988225,1743111201,0xf01e6fdc95963b33d90100ce544b5661fb18c242a8b9d6c3666c43254265e722,NewSale
0x2e205ebEa4B8e1d6Cdf8B808053780f76a0531Ca,79551,0xbc2d6E7c81E7f35473b3594031FCC4c519fD24Ad,1,0xa499490597d9b9a5fa2e478b5b9c07c83e97a199,1,16002000000000002000,12550000,165078,4988229,1743111209,0x6ddbc432ffd0d6355f35ab29fadcaa81bec4c39be5c843e9a6449cf20e72e618,NewSale
0x5Bf68D688B9a8a06Cb3fC2fD236C150FDC1B2E8d,79564,0xbc2d6E7c81E7f35473b3594031FCC4c519fD24Ad,0,0xd2ee27c1f2eb1175b45d24fb0f91304f017c49c3,1,170000000000000,23046000,140578,4988236,1743111223,0x5681a2bb0b62f419a40451ee6dd0a8e68a41a315372503d20a0aa0fc1693f4ae,NewSale
0x5Bf68D688B9a8a06Cb3fC2fD236C150FDC1B2E8d,79554,0xbc2d6E7c81E7f35473b3594031FCC4c519fD24Ad,0,0x8c5ef87f3150599685ca43f0f5f03b5edc9285b3,1,170000000000000,12530000,140578,4988247,1743111245,0xeb58f870ac7bb89fd26417bb80f0206f0814a1c6bfade7bffc67ebf8e9d6f9be,NewSale
0x2e205ebEa4B8e1d6Cdf8B808053780f76a0531Ca,79551,0xbc2d6E7c81E7f35473b3594031FCC4c519fD24Ad,1,0xa499490597d9b9a5fa2e478b5b9c07c83e97a199,1,16002000000000002000,12370000,165078,4988250,1743111251,0x3ae861e82f1524be38d3c82b1e39bdf30e2780870e520dbaf7133c50e352f06f,NewSale
0xA61e749144734d70De7afc340148e986E9aFE795,79563,0xbc2d6E7c81E7f35473b3594031FCC4c519fD24Ad,0,0xd2ee27c1f2eb1175b45d24fb0f91304f017c49c3,1,200000000000000,22022853,140578,4988256,1743111263,0xb641c21ab76b213d81525eecd0bbc709d7a78f05d9f8260aa2eb1ebd1cdc2071,NewSale
0x5Bf68D688B9a8a06Cb3fC2fD236C150FDC1B2E8d,79557,0xbc2d6E7c81E7f35473b3594031FCC4c519fD24Ad,1,0x3dd97863ead67ec7679f7f33cf3e62a26e7ce261,1,170000000000000,21994938,152878,4988259,1743111269,0xe1f4d3379d697817d367437ba642fc4cad488a584c5e0df4d00166a3e2a95aee,NewSale
0x9f570EFc260Ce1463DD4C1A60ebc64612eFbD539,79538,0xbc2d6E7c81E7f35473b3594031FCC4c519fD24Ad,1,0xff75638b839dd7fec98a78126df033863651880c,1,180000000000000,12095522,157678,4988260,1743111271,0x7a1dbbccbeaae50dd2c7168bf8a6719f9970abfe5934c8f038f5d15a821deb33,NewSale
0x2e205ebEa4B8e1d6Cdf8B808053780f76a0531Ca,79551,0xbc2d6E7c81E7f35473b3594031FCC4c519fD24Ad,1,0xa499490597d9b9a5fa2e478b5b9c07c83e97a199,1,16002000000000002000,12530000,165078,4988267,1743111285,0x75144a8235d5e1fc5d85bcf3562eeff47a962dbfdbec249fd527a7cac4bf8c5e,NewSale
0xF0bb2A704A0DaDF59226e9baE89555841b16e7D5,79529,0xbc2d6E7c81E7f35473b3594031FCC4c519fD24Ad,0,0x8c5ef87f3150599685ca43f0f5f03b5edc9285b3,1,180000000000000,12530000,135778,4988276,1743111303,0xd6b5d897e82c2f0cf45adf571cc3aa5ee6074c570dacb509e3e6b75e73a7ef22,NewSale
0x5Bf68D688B9a8a06Cb3fC2fD236C150FDC1B2E8d,79552,0xbc2d6E7c81E7f35473b3594031FCC4c519fD24Ad,0,0xe0394c3b08ba043b6924bc691b100b600c55ccc6,1,170000000000000,12552066,140578,4988277,1743111305,0xbbdebd2c3a97bacd4c211188a2a47b2c025fe845f45f8bff33a072646f41ec8c,NewSale
0x2e205ebEa4B8e1d6Cdf8B808053780f76a0531Ca,79551,0xbc2d6E7c81E7f35473b3594031FCC4c519fD24Ad,1,0xa499490597d9b9a5fa2e478b5b9c07c83e97a199,1,16002000000000002000,12530000,165078,4988281,1743111313,0xbde5c4e54921dc2e06dfa71eb741e6e304128e056895f0a6f8cea86cfcc8b854,NewSale
0x5Bf68D688B9a8a06Cb3fC2fD236C150FDC1B2E8d,79562,0xbc2d6E7c81E7f35473b3594031FCC4c519fD24Ad,0,0xa3aa684b021f1afb3c12e12fa04c1422eec849fe,1,170000000000000,21914175,135778,4988284,1743111319,0xc4e7ab389e717adc8ce739a1eb109136c5925680d466f0a87eda48abc2320085,NewSale
0x2e205ebEa4B8e1d6Cdf8B808053780f76a0531Ca,79551,0xbc2d6E7c81E7f35473b3594031FCC4c519fD24Ad,1,0xa499490597d9b9a5fa2e478b5b9c07c83e97a199,1,16002000000000002000,12470000,165078,4988306,1743111363,0xc9966cebef5ed31f31799093f44476d98bb99ef859adf1211340b90681cce9d2,NewSale
0x76e13D92276b45EB000F79CA51F41D747d0C76B9,79336,0xbc2d6E7c81E7f35473b3594031FCC4c519fD24Ad,0,0x8c5ef87f3150599685ca43f0f5f03b5edc9285b3,1,200000000000000,12470000,140578,4988307,1743111365,0xd5967b715e986a3dcc1cc551db9b10d4ffdd10bba539392936d06f01f79e6313,NewSale
0xF0bb2A704A0DaDF59226e9baE89555841b16e7D5,79535,0xbc2d6E7c81E7f35473b3594031FCC4c519fD24Ad,1,0xa3aa684b021f1afb3c12e12fa04c1422eec849fe,1,180000000000000,22720438,152878,4988318,1743111387,0x69f0265b04cb4455b1cf7888a32e3752e48c0d1c1a731dec3ecde2944bf68730,NewSale
0xa054C787f18470EC855e740cfFA5a760dF7aa748,79574,0xbc2d6E7c81E7f35473b3594031FCC4c519fD24Ad,0,0xfad83a6d8a12260c57e36608701af98ea19686fb,1,180000000000000,11874193,152878,4988319,1743111389,0x3ce875aceb4e50c32877fa7a65fc765ec5d60d5ed572c2de3f96bdd046cf94e3,NewSale
0x9f570EFc260Ce1463DD4C1A60ebc64612eFbD539,79531,0xbc2d6E7c81E7f35473b3594031FCC4c519fD24Ad,1,0xa4a9d4444b6ff469b356feb2f143327953cded33,1,180000000000000,22704496,152878,4988321,1743111393,0xa2d38c9ee28ed89df95d49742913ff93167ed943893512bd1229686814bc81a0,NewSale
0x2e205ebEa4B8e1d6Cdf8B808053780f76a0531Ca,79551,0xbc2d6E7c81E7f35473b3594031FCC4c519fD24Ad,1,0xa499490597d9b9a5fa2e478b5b9c07c83e97a199,1,16002000000000002000,12460000,165078,4988322,1743111395,0x5557f0053a7d76776b25379137a54cd9a65568e0c209ff849b0c6e8603fd2b4d,NewSale
0xDaaF2c3bAf012f29451380246f78E7c0e289ea7a,79269,0xbc2d6E7c81E7f35473b3594031FCC4c519fD24Ad,0,0xf431d090041e684fd7b801fe9916a58d1008d1f5,1,200000000000000,11887241,140578,4988333,1743111417,0xb0453e86f2a1d906793ea611bde15e3cc1769b3b14322a205e8a8d2e44277c8e,NewSale
0xe0394c3b08Ba043b6924Bc691b100b600c55cCc6,79536,0xdc0F91C5a4D200FfC21658901c77c0fE1A14d199,0,0xe06b9a01b50f2a4d8efaa4bb1c8a28da13e54ee7,1,590000000000000,11744406,150183,4988338,1743111427,0x350a88fb622837239685d1a0b947761d7d025f6fad31af60c3ac9d909ad7c030,NewSale
0xA3Aa684b021f1AfB3C12E12fA04C1422EEC849fe,79569,0xbc2d6E7c81E7f35473b3594031FCC4c519fD24Ad,0,0xa4a9d4444b6ff469b356feb2f143327953cded33,1,180000000000000,22572401,157678,4988339,1743111429,0xb563c40555325b5a72d25eb900f2b3798209f0be6d996ff02f8d6b8e652d8d6c,NewSale
0x591C294443e54D91D7EF1DF91Ce81E31528fEad4,79532,0xbc2d6E7c81E7f35473b3594031FCC4c519fD24Ad,0,0xf431d090041e684fd7b801fe9916a58d1008d1f5,1,200000000000000,11786940,140578,4988346,1743111443,0xc6d992ecb4c9814f9c227dcd11846e24b8c43d460d37245e0ea1216da95c965f,NewSale
0x2e205ebEa4B8e1d6Cdf8B808053780f76a0531Ca,79551,0xbc2d6E7c81E7f35473b3594031FCC4c519fD24Ad,1,0xa499490597d9b9a5fa2e478b5b9c07c83e97a199,1,16002000000000002000,12460000,165078,4988348,1743111447,0x75593535ed8c5ac406ad04fa152ae7e03bea2c1370e1b0cd52aa11e74c310776,NewSale
0x5Bf68D688B9a8a06Cb3fC2fD236C150FDC1B2E8d,79559,0x897d1cBBeDC44c8371672e8cA72555b5194D6D86,0,0xfad83a6d8a12260c57e36608701af98ea19686fb,1,170000000000000,11665428,162487,4988349,1743111449,0x02401e7359ef78b5118dd84106159f058c97c488f9a69ff7c7ac92857cfd3dff,NewSale
0xf4923330Bd482Bdf3fD2A8BD97B8123118053F72,79571,0xbc2d6E7c81E7f35473b3594031FCC4c519fD24Ad,0,0xa3aa684b021f1afb3c12e12fa04c1422eec849fe,1,180000000000000,22399682,135778,4988353,1743111457,0xac24b8d02e795c6675c5a83d6bf06662612b132a9dc1c4c689a25022857bbf0a,NewSale
0xE7e917AbC77019A3Df205d9220028Af03f6E74B7,79537,0x02e21A25F0038fa5BDEe9c0b77aC0c1E84d3d6f0,1490,0x5037ec1560aa918e8f9e2405d8590f8fd3ba6658,1,200000000000000,22337234,133346,4988361,1743111473,0x617b7f85f6b8cd48e5f10b761d66171075d859773edc8857f4577dac90a8fbc0,NewSale
0x2e205ebEa4B8e1d6Cdf8B808053780f76a0531Ca,79551,0xbc2d6E7c81E7f35473b3594031FCC4c519fD24Ad,1,0xa499490597d9b9a5fa2e478b5b9c07c83e97a199,1,16002000000000002000,12200000,165078,4988372,1743111495,0xb21e1978ac8cfc023d5a380c4d662b96a16b5ea158363009172fe1b1fb2e437f,NewSale
0xDaaF2c3bAf012f29451380246f78E7c0e289ea7a,79271,0xbc2d6E7c81E7f35473b3594031FCC4c519fD24Ad,0,0x812ef545624dd93b2e7d0048f8bb4fb8e1ccd60c,1,200000000000000,22241953,135766,4988373,1743111497,0xb4432853061ce16e2715c572479ede80ef9a2c7bdea090dfbcee1a380bdedcff,NewSale
0xA61e749144734d70De7afc340148e986E9aFE795,79558,0xbc2d6E7c81E7f35473b3594031FCC4c519fD24Ad,0,0xf431d090041e684fd7b801fe9916a58d1008d1f5,1,200000000000000,11668430,140578,4988374,1743111499,0xef63102420922031ae1154ca9b706cd082d879d4848a5eaba8f3b58181f1abd7,NewSale
0x5037ec1560AA918e8f9E2405D8590F8Fd3BA6658,79566,0xbc2d6E7c81E7f35473b3594031FCC4c519fD24Ad,0,0xb3c3b43cb46ef3c0dc3b5afe71eca5adbd6b084e,1,199800000000000,12180000,140578,4988382,1743111515,0x9f3164257714e81176f7fbc5c30ca5b42a87d98aaf652d827578f29668a3bd44,NewSale
0x2e205ebEa4B8e1d6Cdf8B808053780f76a0531Ca,79551,0xbc2d6E7c81E7f35473b3594031FCC4c519fD24Ad,1,0xa499490597d9b9a5fa2e478b5b9c07c83e97a199,1,16002000000000002000,12180000,165078,4988385,1743111521,0x4621eb8f3331d34388e58ca5505a4e465cfd016684ca426f7c0a5a55c1fd452e,NewSale
0xA61e749144734d70De7afc340148e986E9aFE795,79572,0xbc2d6E7c81E7f35473b3594031FCC4c519fD24Ad,0,0x812ef545624dd93b2e7d0048f8bb4fb8e1ccd60c,1,200000000000000,22148233,140566,4988388,1743111527,0x42835f10c0f8f44ee18cf0fb08cbc423944e3bcdad43675295d548031866e563,NewSale
0x76e13D92276b45EB000F79CA51F41D747d0C76B9,79314,0xbc2d6E7c81E7f35473b3594031FCC4c519fD24Ad,0,0xb3c3b43cb46ef3c0dc3b5afe71eca5adbd6b084e,1,200000000000000,12180000,140578,4988401,1743111553,0x6384e014b7644ca9ed0aebce7e65aad66978f60d4c4331eaf96a94ce336bf8d6,NewSale
0x2e205ebEa4B8e1d6Cdf8B808053780f76a0531Ca,79551,0xbc2d6E7c81E7f35473b3594031FCC4c519fD24Ad,1,0xa499490597d9b9a5fa2e478b5b9c07c83e97a199,1,16002000000000002000,11910000,158667,4988403,1743111557,0x0cd2e8ac17dcbe832cef0ac6813ac998d2ce4115d0466bf80c690823e6a7b5d5,NewSale
0x937557b64de41f17fBfd7009162E2a75a0972FB0,79328,0xbc2d6E7c81E7f35473b3594031FCC4c519fD24Ad,0,0xff75638b839dd7fec98a78126df033863651880c,1,200000000000000,12000078,140578,4988412,1743111575,0x277e2f04451e95c5638545ee00bb1633b93fb322aa74c084cfb5cdb6ac4c4891,NewSale
0xA61e749144734d70De7afc340148e986E9aFE795,79578,0xbc2d6E7c81E7f35473b3594031FCC4c519fD24Ad,0,0x812ef545624dd93b2e7d0048f8bb4fb8e1ccd60c,1,200000000000000,22514360,140566,4988422,1743111595,0xb6b1873e0a673c34284153163e560fdc1cd5bdb2d1dfbe9e23ed1b5439b27a31,NewSale
0xA61e749144734d70De7afc340148e986E9aFE795,79582,0xbc2d6E7c81E7f35473b3594031FCC4c519fD24Ad,0,0x055fd44e963d4b999e3299ab5841b637b0bfb40e,1,200000000000000,12180000,140578,4988435,1743111621,0xec26e7c78934858aba5991103ddde1c1a907faf29904d1a4c688ae1a5b1b9927,NewSale
0x3Dd97863EAD67eC7679F7f33cF3E62A26e7cE261,79585,0xbc2d6E7c81E7f35473b3594031FCC4c519fD24Ad,1,0xa4a9d4444b6ff469b356feb2f143327953cded33,1,165000000000000,22703034,135778,4988444,1743111639,0xd811f9d64f8c8d8dc10d70f7e3332f8cde1f2b74e5416444c9550024c72a6f42,NewSale
0x76e13D92276b45EB000F79CA51F41D747d0C76B9,79355,0xbc2d6E7c81E7f35473b3594031FCC4c519fD24Ad,0,0x812ef545624dd93b2e7d0048f8bb4fb8e1ccd60c,1,200000000000000,22721908,140566,4988445,1743111641,0x8e53308c48edaa884bf04d7a8a1ed95efed12691d60960bab32d90c2fc8ae325,NewSale
0x937557b64de41f17fBfd7009162E2a75a0972FB0,79357,0xbc2d6E7c81E7f35473b3594031FCC4c519fD24Ad,0,0xf431d090041e684fd7b801fe9916a58d1008d1f5,1,200000000000000,12381949,140578,4988455,1743111661,0x77db665e7cec36023213a1ee45ed721cd01041ec7ac1193dbaa67e61b961ba87,NewSale
0x937557b64de41f17fBfd7009162E2a75a0972FB0,79341,0xbc2d6E7c81E7f35473b3594031FCC4c519fD24Ad,0,0x812ef545624dd93b2e7d0048f8bb4fb8e1ccd60c,1,200000000000000,12926462,140566,4988460,1743111671,0xd467967843d37736d48fff182924855aaec70d61c5f523d87a2da3a13dfde317,NewSale
0x76e13D92276b45EB000F79CA51F41D747d0C76B9,79333,0xbc2d6E7c81E7f35473b3594031FCC4c519fD24Ad,0,0xff75638b839dd7fec98a78126df033863651880c,1,200000000000000,12519173,140578,4988473,1743111697,0x9c44f6d04cf0aafd15702fdde2c93ef66e968761b7d0d8cb1119385053a85c57,NewSale
0x2e205ebEa4B8e1d6Cdf8B808053780f76a0531Ca,79589,0xbc2d6E7c81E7f35473b3594031FCC4c519fD24Ad,1,0xa499490597d9b9a5fa2e478b5b9c07c83e97a199,1,16020000000000000000,13090000,182154,4988482,1743111715,0xf865736c525249a12a587b1d39b101338bd92ff008e4b7250f5185a63c3dad6e,NewSale
0x0468fDbFB57DE8FE8e9B50a352892867e83191FA,79587,0xbc2d6E7c81E7f35473b3594031FCC4c519fD24Ad,0,0x812ef545624dd93b2e7d0048f8bb4fb8e1ccd60c,1,200000000000000,24426491,140566,4988495,1743111741,0x66d224b088f1cddaaab74d2d3439e64e46697fb86cf617ee626810891d56e2fa,NewSale
0x2e205ebEa4B8e1d6Cdf8B808053780f76a0531Ca,79589,0xbc2d6E7c81E7f35473b3594031FCC4c519fD24Ad,1,0xa499490597d9b9a5fa2e478b5b9c07c83e97a199,1,16020000000000000000,13090000,165054,4988509,1743111769,0xeca03472f3f60075277fde57799632acc14476480dbb023f96902f8d37899b87,NewSale
0x76e13D92276b45EB000F79CA51F41D747d0C76B9,79342,0xbc2d6E7c81E7f35473b3594031FCC4c519fD24Ad,0,0x812ef545624dd93b2e7d0048f8bb4fb8e1ccd60c,1,200000000000000,24381386,140566,4988514,1743111779,0xa02e062a226e790c414e6f7154f30bb6814b5733af67fb7a1843e400ad2c8407,NewSale
0xA5DB84c1A079eEEE772f0Dc6b7026dE54622512F,79359,0xbc2d6E7c81E7f35473b3594031FCC4c519fD24Ad,0,0xff75638b839dd7fec98a78126df033863651880c,1,200000000000000,13210756,140578,4988523,1743111797,0xe485ba75693cba71aef610c6cee789d9efffb5ea53f2be20f45bc8175b180359,NewSale
0x2e205ebEa4B8e1d6Cdf8B808053780f76a0531Ca,79589,0xbc2d6E7c81E7f35473b3594031FCC4c519fD24Ad,1,0xa499490597d9b9a5fa2e478b5b9c07c83e97a199,1,16020000000000000000,13130000,165054,4988527,1743111805,0x42ecab2a60cc0f2e00bdb60d174c9c998ff705c75cddc0f3d8ccaae86719e01c,NewSale
0xA61e749144734d70De7afc340148e986E9aFE795,79580,0xbc2d6E7c81E7f35473b3594031FCC4c519fD24Ad,0,0x812ef545624dd93b2e7d0048f8bb4fb8e1ccd60c,1,200000000000000,24677230,140566,4988529,1743111809,0xd31ffa9eb7256d7337dae4e0c893d7e52bef4d3a8cd25f6454d7f96591833352,NewSale
0xA3Aa684b021f1AfB3C12E12fA04C1422EEC849fe,79590,0xbc2d6E7c81E7f35473b3594031FCC4c519fD24Ad,0,0xbf4fa8c6a80c2afc8996475599db8fc23a0e961a,1,180000000000000,13270000,140578,4988540,1743111831,0x16783ac398a4a214dabfd2be34ea1293a05ef2583a711d666731545cace6bc6a,NewSale
0x2e205ebEa4B8e1d6Cdf8B808053780f76a0531Ca,79589,0xbc2d6E7c81E7f35473b3594031FCC4c519fD24Ad,1,0xa499490597d9b9a5fa2e478b5b9c07c83e97a199,1,16020000000000000000,13290000,165054,4988544,1743111839,0x97cd7d8aa28684d129c4dc731fc8b4a6b445ad883bceeb8752fea9c027f95bf7,NewSale
0x937557b64de41f17fBfd7009162E2a75a0972FB0,79387,0xbc2d6E7c81E7f35473b3594031FCC4c519fD24Ad,0,0x812ef545624dd93b2e7d0048f8bb4fb8e1ccd60c,1,200000000000000,24496234,140566,4988547,1743111845,0x160e17523b57636a29eebe337e821c6d4c6bf21ee3cdfeba1cee6eab080a49b8,NewSale
0x2e205ebEa4B8e1d6Cdf8B808053780f76a0531Ca,79589,0xbc2d6E7c81E7f35473b3594031FCC4c519fD24Ad,1,0xa499490597d9b9a5fa2e478b5b9c07c83e97a199,1,16020000000000000000,13240000,160254,4988560,1743111871,0x5ddac31fc439a93699d9c193899e665dfbb797abf12278da241604ddc9ebbd17,NewSale
0x76e13D92276b45EB000F79CA51F41D747d0C76B9,79362,0xbc2d6E7c81E7f35473b3594031FCC4c519fD24Ad,0,0xff75638b839dd7fec98a78126df033863651880c,1,200000000000000,13137012,140578,4988564,1743111879,0x3eacc77ccb7018bb971d4f058b579dc91aef9d63f2290baac4ab55ed5f1838fc,NewSale
0xf431d090041E684fD7b801fe9916A58d1008d1F5,79600,0xbc2d6E7c81E7f35473b3594031FCC4c519fD24Ad,0,0xa054c787f18470ec855e740cffa5a760df7aa748,1,180000000000000,24462649,157678,4988565,1743111881,0x9046af8d74002b6d89a454cf018f7dba3a3f54ff6a1affb0e186983ba160eb26,NewSale
0xf431d090041E684fD7b801fe9916A58d1008d1F5,79597,0xbc2d6E7c81E7f35473b3594031FCC4c519fD24Ad,0,0xf4923330bd482bdf3fd2a8bd97b8123118053f72,1,180000000000000,24457582,157678,4988567,1743111885,0xa3ef82a479a119f0cbc4171fbc67cd36a9556192b2befc4b1520136fce4fd5df,NewSale
0x2e205ebEa4B8e1d6Cdf8B808053780f76a0531Ca,79589,0xbc2d6E7c81E7f35473b3594031FCC4c519fD24Ad,1,0xa499490597d9b9a5fa2e478b5b9c07c83e97a199,1,16020000000000000000,13140000,165054,4988582,1743111915,0xefa81d96f8a6cb460b7483956b3b5767445579a6426f223a7dcccddb1327c500,NewSale
0x6770F57718bEcfF7dca67D8A8aAe4688da4b1aa9,79607,0xbc2d6E7c81E7f35473b3594031FCC4c519fD24Ad,0,0xf4923330bd482bdf3fd2a8bd97b8123118053f72,1,190000000000000,16965663,140578,4988584,1743111919,0x98891a78aa34f41015d93f1946f1089d09701f1166bac05e30f354d3b1f5b60e,NewSale
0x76e13D92276b45EB000F79CA51F41D747d0C76B9,79331,0xbc2d6E7c81E7f35473b3594031FCC4c519fD24Ad,0,0xa054c787f18470ec855e740cffa5a760df7aa748,1,200000000000000,24493804,140578,4988588,1743111927,0x336b3a8d11ba808a22b297bf9171f8f7af98b5bd7f3666263b5927545fa8fef7,NewSale
0xE4f4BaEd82d30f2244fE1722aeda37dEF4B38Ddc,75637,0x02e21A25F0038fa5BDEe9c0b77aC0c1E84d3d6f0,1580,0x4578aa2a87d7ba8f19b1e51c116e83d8cab286f4,1,900000000000000,13128596,155258,4988591,1743111933,0x7f4664bae2858c187cfef8e4a4ad9bb28504eb67aa0fb6f0f82fcefb5eabd154,NewSale
0xf431d090041E684fD7b801fe9916A58d1008d1F5,79612,0xbc2d6E7c81E7f35473b3594031FCC4c519fD24Ad,0,0xf4923330bd482bdf3fd2a8bd97b8123118053f72,1,180000000000000,24621544,140578,4988599,1743111949,0xdb4b0b0b863b19f20ccfef589791cab33bf5d23b3661a2e534b9088494c1db61,NewSale
0xA61e749144734d70De7afc340148e986E9aFE795,79576,0xbc2d6E7c81E7f35473b3594031FCC4c519fD24Ad,0,0x4ba6a9fdab4dda3337da9a03e7cd0fe97a21de55,1,200000000000000,13140000,140578,4988599,1743111949,0x392528ff8609f60bf787a4e4cc901034009cdf33f74e1aa00558073d4527a95a,NewSale
0x2e205ebEa4B8e1d6Cdf8B808053780f76a0531Ca,79589,0xbc2d6E7c81E7f35473b3594031FCC4c519fD24Ad,1,0xa499490597d9b9a5fa2e478b5b9c07c83e97a199,1,16020000000000000000,13270000,165054,4988600,1743111951,0x56a3b71e79aa02d7887be1afec877a45fd4c33f90c73b492641eacf22f46d8b2,NewSale
0xA3Aa684b021f1AfB3C12E12fA04C1422EEC849fe,79586,0xbc2d6E7c81E7f35473b3594031FCC4c519fD24Ad,1,0xb11f817e02956d3902e99b077a0bee8499e55d5e,1,200000000000000,13357834,135778,4988613,1743111977,0x9cf4e5a28f808556169d3347ab675f9ca51ff17643c174ddc629de21852065a8,NewSale
0x2e205ebEa4B8e1d6Cdf8B808053780f76a0531Ca,79589,0xbc2d6E7c81E7f35473b3594031FCC4c519fD24Ad,1,0xa499490597d9b9a5fa2e478b5b9c07c83e97a199,1,16020000000000000000,14500000,165054,4988614,1743111979,0x368679c01502ba07b14e0b8799db4f9ecbdf05a056712b56c3cd150a140c3111,NewSale
0x18ED7C97a5CE50e9BAC73D0C74C1416127Ecf6b5,79365,0xbc2d6E7c81E7f35473b3594031FCC4c519fD24Ad,1,0xfad83a6d8a12260c57e36608701af98ea19686fb,1,200000000000000,13164628,140578,4988624,1743111999,0x6d33f7bf98c272fb74ee68ea43cb56701a044a070b61ba8618c23d447c4b4133,NewSale
0x937557b64de41f17fBfd7009162E2a75a0972FB0,79363,0xbc2d6E7c81E7f35473b3594031FCC4c519fD24Ad,0,0xdeaea7cbe675f80343a590facb4549a995d46bc1,1,200000000000000,24704341,140578,4988632,1743112015,0x1a2360268673429e68f1b822e027857f286548b3c8d876f6a3aa159f28e15af9,NewSale
0xf431d090041E684fD7b801fe9916A58d1008d1F5,79620,0xbc2d6E7c81E7f35473b3594031FCC4c519fD24Ad,0,0xa054c787f18470ec855e740cffa5a760df7aa748,1,180000000000000,24929779,140578,4988640,1743112031,0xc0f53b9293be121db078f595d192b7609c3a12ec4972112d3aabcf4d9affd6d9,NewSale
0x2e205ebEa4B8e1d6Cdf8B808053780f76a0531Ca,79589,0xbc2d6E7c81E7f35473b3594031FCC4c519fD24Ad,1,0xa499490597d9b9a5fa2e478b5b9c07c83e97a199,1,16020000000000000000,14500000,165054,4988640,1743112031,0x3b2a10fa187d9929aad292254f77fdcfff77672293f9bcd2de28a279e373e694,NewSale
0x2e205ebEa4B8e1d6Cdf8B808053780f76a0531Ca,79589,0xbc2d6E7c81E7f35473b3594031FCC4c519fD24Ad,1,0xa499490597d9b9a5fa2e478b5b9c07c83e97a199,1,16020000000000000000,14020000,160254,4988653,1743112057,0xb9c1cdb77d6e5e8c226ccd7ebb25c344f82b6cde1f564694952e1dc2589258c7,NewSale
0x41f07238C5096Eb7eb68c50FE8AE5AdDECBBF5C2,77057,0xbFCACb23F0B41EeEDFf7d04f52CE8f5125150806,0,0x4578aa2a87d7ba8f19b1e51c116e83d8cab286f4,1,1000000000000000,13775786,164783,4988661,1743112073,0x75100d42106b2919c34c1bea5d5a0a17dff4c13168b61ba8f16093328850da0a,NewSale
0x937557b64de41f17fBfd7009162E2a75a0972FB0,79375,0xbc2d6E7c81E7f35473b3594031FCC4c519fD24Ad,0,0xdeaea7cbe675f80343a590facb4549a995d46bc1,1,200000000000000,25114271,140578,4988662,1743112075,0xf4759720cccff5f985e7ea4092f06453d28a111cf69fc409275ebe7df592b7b3,NewSale
0x937557b64de41f17fBfd7009162E2a75a0972FB0,79337,0xbc2d6E7c81E7f35473b3594031FCC4c519fD24Ad,0,0xdeaea7cbe675f80343a590facb4549a995d46bc1,1,200000000000000,25092018,135778,4988663,1743112077,0x02dd958ed48e5994d2c5866a48e7e9eca8e5edf3c07432301c465ef90beee9ef,NewSale
0x0468fDbFB57DE8FE8e9B50a352892867e83191FA,79621,0xbc2d6E7c81E7f35473b3594031FCC4c519fD24Ad,0,0xa279279eb124dea02d3ebd398969ba84593d8189,1,200000000000000,13625626,140578,4988669,1743112089,0xcede34433df3861c2ac3a1810eb7358aca8f18d7d03693d2ecaf2af4e110cc3b,NewSale
0x591C294443e54D91D7EF1DF91Ce81E31528fEad4,79504,0xbc2d6E7c81E7f35473b3594031FCC4c519fD24Ad,0,0xdeaea7cbe675f80343a590facb4549a995d46bc1,1,200000000000000,25697201,140578,4988678,1743112107,0xa162777c62e7a787855bd49126980757820b64267df053b32f3c247ca43fafdb,NewSale
0x591C294443e54D91D7EF1DF91Ce81E31528fEad4,79542,0xbc2d6E7c81E7f35473b3594031FCC4c519fD24Ad,0,0xdeaea7cbe675f80343a590facb4549a995d46bc1,1,200000000000000,24941623,140578,4988679,1743112109,0x3fac2c5797f9c828cd9f75aef526d5ebcddf667e1db428780502d13686078061,NewSale
0xf431d090041E684fD7b801fe9916A58d1008d1F5,79623,0xbc2d6E7c81E7f35473b3594031FCC4c519fD24Ad,0,0xb3c3b43cb46ef3c0dc3b5afe71eca5adbd6b084e,1,180000000000000,14020000,135778,4988680,1743112111,0xd10f0d8ad552f1586faed9c93dff2a6c6f02f0b07b68d03e6202e458d26c2668,NewSale
0x2e205ebEa4B8e1d6Cdf8B808053780f76a0531Ca,79589,0xbc2d6E7c81E7f35473b3594031FCC4c519fD24Ad,1,0xa499490597d9b9a5fa2e478b5b9c07c83e97a199,1,16020000000000000000,13780000,165054,4988683,1743112117,0x17f9bf54d2dd54d4c43539edf0f1fea88e30257fa4619f4c1e6182bb30655500,NewSale
0xa4A9D4444b6ff469b356FEB2F143327953Cded33,79603,0xbc2d6E7c81E7f35473b3594031FCC4c519fD24Ad,1,0x4ba6a9fdab4dda3337da9a03e7cd0fe97a21de55,1,200000000000000,14020000,140578,4988685,1743112121,0xcae898e4dc3b8141db445d2940dd80ee5c1663d31d1158ff4940c166bd3baac6,NewSale
0x591C294443e54D91D7EF1DF91Ce81E31528fEad4,79499,0xbc2d6E7c81E7f35473b3594031FCC4c519fD24Ad,0,0xfad83a6d8a12260c57e36608701af98ea19686fb,1,200000000000000,13425301,140578,4988687,1743112125,0x02d6656473f2e6ff9025fb76c772890616d8394326114bc58dc9db0af87de869,NewSale
0x57d1B3eF44E2A3533865a7042448f2d897181C98,79257,0xdc0F91C5a4D200FfC21658901c77c0fE1A14d199,0,0x8f5cfa2928e7d7bd930ecad84fe03908f4b01819,1,650000000000000,13501980,167283,4988689,1743112129,0xa5bbb771623e73004dcd50c8fa16a7f5f205de6b4182dd368b648e979f46e1b3,NewSale
0x2e205ebEa4B8e1d6Cdf8B808053780f76a0531Ca,79589,0xbc2d6E7c81E7f35473b3594031FCC4c519fD24Ad,1,0xa499490597d9b9a5fa2e478b5b9c07c83e97a199,1,16020000000000000000,13780000,165054,4988705,1743112161,0xc0ba52e737031d52c44fb57cc5ff6f96f587a9f3b5cf9a9406115e062be077f8,NewSale
0x0468fDbFB57DE8FE8e9B50a352892867e83191FA,79613,0xbc2d6E7c81E7f35473b3594031FCC4c519fD24Ad,0,0xdeaea7cbe675f80343a590facb4549a995d46bc1,1,200000000000000,24533994,140578,4988713,1743112177,0x5d68f0aae1d3309b529bfc0429d596a29aa7b513e11ff2a6dd06239857ed2282,NewSale
0x2e205ebEa4B8e1d6Cdf8B808053780f76a0531Ca,79589,0xbc2d6E7c81E7f35473b3594031FCC4c519fD24Ad,1,0xa499490597d9b9a5fa2e478b5b9c07c83e97a199,1,16020000000000000000,13780000,165054,4988718,1743112187,0x0fbc97f3d697f838dd73b277a4fa26235b4eb31452b2a39ed8fcc6cd26703deb,NewSale
0x2e205ebEa4B8e1d6Cdf8B808053780f76a0531Ca,79589,0xbc2d6E7c81E7f35473b3594031FCC4c519fD24Ad,1,0xa499490597d9b9a5fa2e478b5b9c07c83e97a199,1,16020000000000000000,13320000,165054,4988744,1743112239,0xfab8b748adc3e51c120167be56eec0fabcade4e8b10cfccc370f025d3b4dd9fa,NewSale
0x0468fDbFB57DE8FE8e9B50a352892867e83191FA,79619,0xbc2d6E7c81E7f35473b3594031FCC4c519fD24Ad,0,0xa279279eb124dea02d3ebd398969ba84593d8189,1,200000000000000,12664433,140578,4988753,1743112257,0x3cd07ad19380cb263a1c8c737e80066b1a30bc2e5913e654c049145d46b5aca4,NewSale
0xf4923330Bd482Bdf3fD2A8BD97B8123118053F72,79624,0xbc2d6E7c81E7f35473b3594031FCC4c519fD24Ad,0,0x2fff49a95237d0da72d9f0620b2c44efdcb15e5b,1,190000000000000,12999877,157678,4988754,1743112259,0xe3548dfb5c420248128cdbb4fc4a65ea5d640b1e685280d230b41f90533e40e1,NewSale
0xa054C787f18470EC855e740cfFA5a760dF7aa748,79629,0xbc2d6E7c81E7f35473b3594031FCC4c519fD24Ad,0,0xff75638b839dd7fec98a78126df033863651880c,1,190000000000000,12747814,140578,4988756,1743112263,0xdbacc87741b2f67479717e89127e484aa046b88a77283723095e2c1b6501d9cb,NewSale
0x2e205ebEa4B8e1d6Cdf8B808053780f76a0531Ca,79589,0xbc2d6E7c81E7f35473b3594031FCC4c519fD24Ad,1,0xa499490597d9b9a5fa2e478b5b9c07c83e97a199,1,16020000000000000000,12910000,160254,4988762,1743112275,0x9ae648fd87c84a65cf331705a1494509420ea7ce7c7fd9820f9938287edd0bc7,NewSale
0xa054C787f18470EC855e740cfFA5a760dF7aa748,79626,0xbc2d6E7c81E7f35473b3594031FCC4c519fD24Ad,0,0x2fff49a95237d0da72d9f0620b2c44efdcb15e5b,1,190000000000000,12763729,140578,4988772,1743112295,0x1b0c814c75339ffe197f67fde231ee243a46503ff6e02874ff00862e6fe0e1ce,NewSale
0xf4923330Bd482Bdf3fD2A8BD97B8123118053F72,79628,0xbc2d6E7c81E7f35473b3594031FCC4c519fD24Ad,0,0x2fff49a95237d0da72d9f0620b2c44efdcb15e5b,1,190000000000000,12748094,140578,4988785,1743112321,0x5033797540d5668954ac6f8bf9672d063c3410df998dbf53b8b069f726d4c2e7,NewSale
0x2e205ebEa4B8e1d6Cdf8B808053780f76a0531Ca,79589,0xbc2d6E7c81E7f35473b3594031FCC4c519fD24Ad,1,0xa499490597d9b9a5fa2e478b5b9c07c83e97a199,1,16020000000000000000,12770000,165054,4988787,1743112325,0x30bc5f5ba9bef774a7505559162bc16c15b50aacfe7222613d527eae13aa6f6f,NewSale
0xBe3EF752e84b15eAd560Cd69aD855684CB41b667,77325,0xdc0F91C5a4D200FfC21658901c77c0fE1A14d199,0,0xb11f817e02956d3902e99b077a0bee8499e55d5e,1,666000000000000,12316472,150183,4988788,1743112327,0x0580adcf31c36012db27860cd4d1c8efd6f451db7c2f9195e1b81154831478b8,NewSale
0xa4A9D4444b6ff469b356FEB2F143327953Cded33,79598,0xbc2d6E7c81E7f35473b3594031FCC4c519fD24Ad,1,0xff75638b839dd7fec98a78126df033863651880c,1,200000000000000,12258248,135778,4988791,1743112333,0xd113d01a8afff0b42fff6c5a5f575db5f1d4adde388a134e397e3fcd778339b9,NewSale
0x76e13D92276b45EB000F79CA51F41D747d0C76B9,79351,0xbc2d6E7c81E7f35473b3594031FCC4c519fD24Ad,0,0xb3c3b43cb46ef3c0dc3b5afe71eca5adbd6b084e,1,200000000000000,12740000,140578,4988800,1743112351,0xd6fe069a611e5825291c74f2c6c55af065d4e7e202d764a68c8f2d6b859cfaff,NewSale
0xf4923330Bd482Bdf3fD2A8BD97B8123118053F72,79631,0xbc2d6E7c81E7f35473b3594031FCC4c519fD24Ad,0,0x4ba6a9fdab4dda3337da9a03e7cd0fe97a21de55,1,190000000000000,12740000,135778,4988801,1743112353,0x64e43eddf0442d3101d4f7edecb22f6ac5b9d334748caaea2c0636b42a268116,NewSale
0x2e205ebEa4B8e1d6Cdf8B808053780f76a0531Ca,79589,0xbc2d6E7c81E7f35473b3594031FCC4c519fD24Ad,1,0xa499490597d9b9a5fa2e478b5b9c07c83e97a199,1,16020000000000000000,12530000,165054,4988811,1743112373,0x3a9f74112c2d84fb06c27c2c87c652a2da1d39d96af936dcc43b6c428b4d9c3b,NewSale
0x2e205ebEa4B8e1d6Cdf8B808053780f76a0531Ca,79589,0xbc2d6E7c81E7f35473b3594031FCC4c519fD24Ad,1,0xa499490597d9b9a5fa2e478b5b9c07c83e97a199,1,16020000000000000000,12410000,165054,4988823,1743112397,0x79d2647c586e0835deffc1f362f24f401a2e2a2eb38919a471f502af7e54a38b,NewSale
0xDeaea7Cbe675f80343A590faCb4549a995d46BC1,79634,0xbc2d6E7c81E7f35473b3594031FCC4c519fD24Ad,0,0xb3c3b43cb46ef3c0dc3b5afe71eca5adbd6b084e,1,190000000000000,12410000,140578,4988825,1743112401,0xf6b2195c0d79cbf06e229a1be49272399178499b6a94f7d23b187165fbeb68d7,NewSale
0xDeaea7Cbe675f80343A590faCb4549a995d46BC1,79637,0xbc2d6E7c81E7f35473b3594031FCC4c519fD24Ad,0,0xa279279eb124dea02d3ebd398969ba84593d8189,1,190000000000000,11814257,140578,4988826,1743112403,0xdce37b59a4c16ebfd909ccf6ca31f41a5d49041cccb2b8fb52a50d2af5d78755,NewSale
0xDeaea7Cbe675f80343A590faCb4549a995d46BC1,79639,0xbc2d6E7c81E7f35473b3594031FCC4c519fD24Ad,0,0xc362596b64ffdfde97d771e6539dbdf4e6486c61,1,190000000000000,12296781,157678,4988827,1743112405,0x896afb2831d2bbe2ca72963dedae0b1cf10215fc9ce746874ca06790428b26b0,NewSale
0x0468fDbFB57DE8FE8e9B50a352892867e83191FA,79599,0xbc2d6E7c81E7f35473b3594031FCC4c519fD24Ad,0,0xff75638b839dd7fec98a78126df033863651880c,1,200000000000000,11860716,140578,4988835,1743112421,0xb36636661ab26debe9455c093ab95c4873734f86319b2e9b77d2012ca75ea559,NewSale
0x2e205ebEa4B8e1d6Cdf8B808053780f76a0531Ca,79589,0xbc2d6E7c81E7f35473b3594031FCC4c519fD24Ad,1,0xa499490597d9b9a5fa2e478b5b9c07c83e97a199,1,16020000000000000000,12280000,165054,4988840,1743112431,0x329aa70e73729513d30453b29d2855b15e6dad84a77237a79e5d6c399b97e436,NewSale
0xa054C787f18470EC855e740cfFA5a760dF7aa748,79632,0xbc2d6E7c81E7f35473b3594031FCC4c519fD24Ad,0,0x184d68b6e2afaa614406dd6f7c7ae861d1092141,1,190000000000000,12106374,135778,4988850,1743112451,0x59f4ccc134cb192e2e26777aaa7a767db2faadb039441d2abfc151566deeb081,NewSale
0x2fFF49a95237D0dA72d9F0620B2c44EfdcB15E5B,79643,0xbc2d6E7c81E7f35473b3594031FCC4c519fD24Ad,0,0xc362596b64ffdfde97d771e6539dbdf4e6486c61,1,190000000000000,12086316,140578,4988851,1743112453,0x32cb61b46b2b881d965a4ca9d78aa40e0d3d2b489423889e2f19aa40d3860bb5,NewSale
0x4eEDe67DCB2312718aEa469b4A2D9119F1a44c44,79627,0xbc2d6E7c81E7f35473b3594031FCC4c519fD24Ad,0,0xb3c3b43cb46ef3c0dc3b5afe71eca5adbd6b084e,1,200000000000000,11890000,140578,4988859,1743112469,0x7949f58c391362bc0612d9dbdbe21eb36e5359fee815373035deb64987f1e12e,NewSale
0x2e205ebEa4B8e1d6Cdf8B808053780f76a0531Ca,79589,0xbc2d6E7c81E7f35473b3594031FCC4c519fD24Ad,1,0xa499490597d9b9a5fa2e478b5b9c07c83e97a199,1,16020000000000000000,11890000,153843,4988860,1743112471,0xab4697e25a56e47ab1b2c631221c2e89bc5895ac4bc3f8cfc50b0ec01d286c57,NewSale
0xDeaea7Cbe675f80343A590faCb4549a995d46BC1,79642,0xbc2d6E7c81E7f35473b3594031FCC4c519fD24Ad,0,0xff75638b839dd7fec98a78126df033863651880c,1,200000000000000,11426361,140578,4988878,1743112507,0xd7346ea052c4078b348be8a20c500030ae6087282ffa60ce6a8f850f5ac25541,NewSale
0xDeaea7Cbe675f80343A590faCb4549a995d46BC1,79641,0xbc2d6E7c81E7f35473b3594031FCC4c519fD24Ad,0,0xa279279eb124dea02d3ebd398969ba84593d8189,1,190000000000000,11219829,140578,4988893,1743112537,0x5fc45e136f3a0161ad96967f0b6bc2013e677a33c7e439f33858b02f1fe19e88,NewSale
0x0468fDbFB57DE8FE8e9B50a352892867e83191FA,79608,0xbc2d6E7c81E7f35473b3594031FCC4c519fD24Ad,0,0xb3c3b43cb46ef3c0dc3b5afe71eca5adbd6b084e,1,200000000000000,11300000,140578,4988906,1743112563,0x622657fb886ae9b28e598e372d4a60c0396d0131eef24ca0519cefb20150d6ce,NewSale
0x2E9FE4Fd0cf4A2844654C12Df89D249765e25ab1,79069,0xbc2d6E7c81E7f35473b3594031FCC4c519fD24Ad,1,0xff75638b839dd7fec98a78126df033863651880c,1,249000000000000,11105214,135778,4988915,1743112581,0x94a742e218a25dad35ae4877479d219b11143691d0cc1ddcd3626e9592871c0a,NewSale
0x7b1Bf5CdD29B6e9BDa061b259a25c959721a366b,79483,0xdc0F91C5a4D200FfC21658901c77c0fE1A14d199,0,0x055fd44e963d4b999e3299ab5841b637b0bfb40e,1,600100000000000,11150000,162483,4988922,1743112595,0x15a335d8dff25d70bf5e6814fde72686a5f7f21ef2d118051137fb670efb2f3a,NewSale
0x2fFF49a95237D0dA72d9F0620B2c44EfdcB15E5B,79640,0xbc2d6E7c81E7f35473b3594031FCC4c519fD24Ad,0,0xa279279eb124dea02d3ebd398969ba84593d8189,1,190000000000000,10827803,140578,4988932,1743112615,0x1359ff1c31322a12e26046709d8f75b01327b11bf061b6bf106c092cc2438958,NewSale
0xDeaea7Cbe675f80343A590faCb4549a995d46BC1,79636,0xbc2d6E7c81E7f35473b3594031FCC4c519fD24Ad,0,0x2ab87e87c3d33ece5baea9812707c1b06d95c236,1,190000000000000,10903913,140578,4988934,1743112619,0x08829babc697377998ac0903f41ef85bd85354538b695b5df915dd310bd62ce2,NewSale
0x2e205ebEa4B8e1d6Cdf8B808053780f76a0531Ca,79655,0xbc2d6E7c81E7f35473b3594031FCC4c519fD24Ad,1,0xa499490597d9b9a5fa2e478b5b9c07c83e97a199,1,16002000000000002000,11150000,199278,4988944,1743112639,0x409ea36110c47b67c5226fef3bcda2e345a9b2c0385e051b926338b31db8f91c,NewSale
0x2e205ebEa4B8e1d6Cdf8B808053780f76a0531Ca,79655,0xbc2d6E7c81E7f35473b3594031FCC4c519fD24Ad,1,0xa499490597d9b9a5fa2e478b5b9c07c83e97a199,1,16002000000000002000,11150000,165078,4988960,1743112671,0xb8ff5f2be3ce23fecdb65a19f58d4c0430479194054e4670e329baaffdaf735b,NewSale
0x2fFF49a95237D0dA72d9F0620B2c44EfdcB15E5B,79645,0xbc2d6E7c81E7f35473b3594031FCC4c519fD24Ad,0,0xa279279eb124dea02d3ebd398969ba84593d8189,1,190000000000000,10657884,135778,4988961,1743112673,0xe84598009c542a25160f260a11577b75a4db60d90413224abad90cd9b088b5f1,NewSale
0x2e205ebEa4B8e1d6Cdf8B808053780f76a0531Ca,79655,0xbc2d6E7c81E7f35473b3594031FCC4c519fD24Ad,1,0xa499490597d9b9a5fa2e478b5b9c07c83e97a199,1,16002000000000002000,11150000,165078,4988977,1743112705,0xbaef6d3d388b70c96633561669260169a62d7f38122a42e34ee0fd300eeae475,NewSale
0x8E043057b2339113F669124B118E9a14589c1169,79659,0xbc2d6E7c81E7f35473b3594031FCC4c519fD24Ad,0,0xc3c3e494dcc65535feae7027dac91ae5041333ef,1,100000000000000,10576229,135778,4988989,1743112729,0xbd9820542db7d1f82484e9165e1fdcf76f4dcf93d89a47462d62654d835aee91,NewSale
0x4eEDe67DCB2312718aEa469b4A2D9119F1a44c44,79630,0xbc2d6E7c81E7f35473b3594031FCC4c519fD24Ad,0,0x4ba6a9fdab4dda3337da9a03e7cd0fe97a21de55,1,200000000000000,11150000,140578,4988991,1743112733,0x31ca504984c27facbf9c904f6c9c60258678be9c128303dfd08f901c16b30672,NewSale
0x2e205ebEa4B8e1d6Cdf8B808053780f76a0531Ca,79655,0xbc2d6E7c81E7f35473b3594031FCC4c519fD24Ad,1,0xa499490597d9b9a5fa2e478b5b9c07c83e97a199,1,16002000000000002000,11150000,165078,4988992,1743112735,0x0d94d5fc91e26fa5e70279607537f1d24fbb02adc75dbd180e0c0ffbf8177ad2,NewSale
0x2e205ebEa4B8e1d6Cdf8B808053780f76a0531Ca,79655,0xbc2d6E7c81E7f35473b3594031FCC4c519fD24Ad,1,0xa499490597d9b9a5fa2e478b5b9c07c83e97a199,1,16002000000000002000,11150000,165078,4989006,1743112763,0x44360039c14e97bf7a0de60b92228bb403ff6a5d48712fddb714dfd5625ad17a,NewSale
0x8E043057b2339113F669124B118E9a14589c1169,79663,0xEB255E4669Da7FeEf1F746a5a778b4e08b65a1A7,0,0xebbf847e7ba9312166e5c11d4c497eec834f374c,1,100000000000000,11150000,167271,4989013,1743112777,0x0bc750d455d4c3363d12bdc3a7efb756452462e39d16e692c3bc90441db4513f,NewSale
0x2e205ebEa4B8e1d6Cdf8B808053780f76a0531Ca,79655,0xbc2d6E7c81E7f35473b3594031FCC4c519fD24Ad,1,0xa499490597d9b9a5fa2e478b5b9c07c83e97a199,1,16002000000000002000,10590000,165078,4989026,1743112803,0xde0330695b6a27c79fea3196e8d7fffe773dbe3496ea25eb77fbcabc8451d551,NewSale
0x209B6C6AB564d19fC31d6322A8cDA553BADc2C70,79654,0x02e21A25F0038fa5BDEe9c0b77aC0c1E84d3d6f0,1763,0xc3c3e494dcc65535feae7027dac91ae5041333ef,1,777000000000000,10302538,155258,4989059,1743112869,0x99fd857ab7b6abbf4065dc2e4572c2fa1340a08ded61442c96d3994c5477919a,NewSale
0x8E043057b2339113F669124B118E9a14589c1169,79667,0xEB255E4669Da7FeEf1F746a5a778b4e08b65a1A7,0,0xa279279eb124dea02d3ebd398969ba84593d8189,1,100000000000000,10163018,162471,4989076,1743112903,0x5c069be0c3493ede457c655147ffc47a219b8d8dfbc3939b14906b542057da60,NewSale
0x76e13D92276b45EB000F79CA51F41D747d0C76B9,79374,0xbc2d6E7c81E7f35473b3594031FCC4c519fD24Ad,0,0x184d68b6e2afaa614406dd6f7c7ae861d1092141,1,200000000000000,10627207,135778,4989079,1743112909,0xa59dcae5d94684d1e10e7e3b600b16b05c06d4179795c637aa519a280ee04e9d,NewSale
0x591C294443e54D91D7EF1DF91Ce81E31528fEad4,79501,0xbc2d6E7c81E7f35473b3594031FCC4c519fD24Ad,0,0x0256222e1e0b81c740fec234fd18b40674109f0c,1,200000000000000,10057547,140578,4989116,1743112983,0x53980fc9d28f0db5927576eb658dba7ae27eed14cb2d3142740824d846506cd1,NewSale
0xABacacC4E63422738487B5CE84A8F0e85E2efCD4,79671,0xbc2d6E7c81E7f35473b3594031FCC4c519fD24Ad,0,0xebbf847e7ba9312166e5c11d4c497eec834f374c,1,200000000000000,10010000,140578,4989137,1743113025,0x9f2b6eb01e983d484c34c0bcf0465e1177b2450426adb3af77ac584aa102a020,NewSale
0xd69bd007D646C83bc40fD98E4D3B5380EA0Ce095,79203,0xbc2d6E7c81E7f35473b3594031FCC4c519fD24Ad,0,0x0256222e1e0b81c740fec234fd18b40674109f0c,1,230000000000000,9979326,140578,4989140,1743113031,0xabdc7d557c4008df7b980b4e9fe53e2d349eb247fb2af0a323896f2609d78626,NewSale
0xE4f4BaEd82d30f2244fE1722aeda37dEF4B38Ddc,79512,0xdc0F91C5a4D200FfC21658901c77c0fE1A14d199,0,0xff75638b839dd7fec98a78126df033863651880c,1,610000000000000,9952797,150183,4989144,1743113039,0x6e8a28a3118fb5746d2e0a508c356626b6deb6ae64f32655b82a7d74391e4ab7,NewSale
0x8F657F250ba5636572e3Fda57dd378d077B524e1,79549,0xbc2d6E7c81E7f35473b3594031FCC4c519fD24Ad,0,0x184d68b6e2afaa614406dd6f7c7ae861d1092141,1,200000000000000,17724262,135778,4989178,1743113107,0xaeed06b12f7fea0b84b4aac206e18c8d952389d56212456df91724022d4ea4d2,NewSale
0x0855cA9B13dff239c1d07D9d5609c8B151a7a854,79252,0x8BC3817d6EF46279ee602793c28a42Eff1fE01b3,0,0xe35baee9354bb3a16ea0faa8a3b9f01c1f39bf2e,1,990000000000000,9884816,168886,4989183,1743113117,0xa4fa243d03f1680dbc2792e09e994108a8ac64666af1a35888400ab50de0ae3d,NewSale
0xc362596B64FfdFDE97D771e6539DbDf4E6486c61,79666,0xbc2d6E7c81E7f35473b3594031FCC4c519fD24Ad,0,0xc3c3e494dcc65535feae7027dac91ae5041333ef,1,28000000000000000000,9817290,163455,4989195,1743113141,0x71b385163c82fd336dcce493d8a183c1873927899cac7cdb5790ffa0b0bd0da7,NewSale
0xbAa9672503be4067CCc6eBB08BEe52af3e0b3b4C,79638,0x2Bf46D4497e98FbA2304B0d2453922FFf559Ea02,83,0xc3c3e494dcc65535feae7027dac91ae5041333ef,1,699900000000000,9758377,164783,4989207,1743113165,0x0a93b6460094b46aeb937bca3dd5f8b3fb5cab44c8caf25cf429c4df932b1b5a,NewSale
0xABacacC4E63422738487B5CE84A8F0e85E2efCD4,79669,0xbc2d6E7c81E7f35473b3594031FCC4c519fD24Ad,0,0xa279279eb124dea02d3ebd398969ba84593d8189,1,200000000000000,9605189,140578,4989217,1743113185,0x2cd2919e93e78c0f61155dd85917171b2bca3534df40e78e050d12cefb338537,NewSale
0x5b7856050F1A765E971BfA9Fa9e4C886E5D335Bc,79684,0xbc2d6E7c81E7f35473b3594031FCC4c519fD24Ad,1,0xbedd909fab16fb3c91a8ab884753e34fb7cdc499,1,249900000000000,9551908,135778,4989224,1743113199,0xdb2f48b4e913e349b4fbc087221ae72073f5ef81a8a8e18391822a4ee84a1628,NewSale
0xe0394c3b08Ba043b6924Bc691b100b600c55cCc6,79673,0xdc0F91C5a4D200FfC21658901c77c0fE1A14d199,0,0x0bd327c41e79099b8bff2395accfdf90e04a294c,1,590000000000000,9613632,145383,4989235,1743113221,0xeb5943486493f2880405f9c2250f43896a526b8297492db957131defb0315f62,NewSale
0xbAa9672503be4067CCc6eBB08BEe52af3e0b3b4C,79644,0x2Bf46D4497e98FbA2304B0d2453922FFf559Ea02,82,0xc3c3e494dcc65535feae7027dac91ae5041333ef,1,699000000000000,9561626,164783,4989247,1743113245,0x8701007c7047851b46105f507e939cc662bd44d48e6aadc3b9aa953a7a69b8ba,NewSale
0x230bFf75310590b1Ac4B5Fd4fb34A7cee8282Ea9,73334,0x6aD26D68bFf8cAD6bAaeA257832854e58B08150E,1,0x2000426e1bc71d1690f25ce7fa03022256789f64,1,600000000000000,17883251,164771,4989255,1743113261,0xceb1017c041560746f8fce385220a16b83b6c254c9ea3e4fbcc8601fd1a01a29,NewSale
0xe0394c3b08Ba043b6924Bc691b100b600c55cCc6,79690,0xbc2d6E7c81E7f35473b3594031FCC4c519fD24Ad,0,0x0871c94c04d021add441f5ab4096eacb2a211ba7,1,175000000000000,9504297,140578,4989294,1743113339,0x6fc30fbd58155928e4635573afb6d8c190222c49ef527df4bb9373233924ba2d,NewSale
0xA61e749144734d70De7afc340148e986E9aFE795,79556,0xbc2d6E7c81E7f35473b3594031FCC4c519fD24Ad,0,0x184d68b6e2afaa614406dd6f7c7ae861d1092141,1,200000000000000,17783198,140578,4989299,1743113349,0x37639bc823dc849cfdbe74b6a9b3c3feae115d5eb058e57e4ca7d0defddb3d26,NewSale
0xbAa9672503be4067CCc6eBB08BEe52af3e0b3b4C,79647,0x2Bf46D4497e98FbA2304B0d2453922FFf559Ea02,73,0xc3c3e494dcc65535feae7027dac91ae5041333ef,1,699900000000000,9404881,164783,4989326,1743113403,0x491d2c4283d6736449eea4d743be3100e50e0dd560510cca7a26513751817e22,NewSale
0xe0394c3b08Ba043b6924Bc691b100b600c55cCc6,79676,0xbc2d6E7c81E7f35473b3594031FCC4c519fD24Ad,0,0x0871c94c04d021add441f5ab4096eacb2a211ba7,1,170000000000000,9374354,135778,4989334,1743113419,0xa14eceae873ed390cca60d25d541cfb797620a4eebcc22fb482a670ec1e6af56,NewSale
0xABacacC4E63422738487B5CE84A8F0e85E2efCD4,79698,0xbc2d6E7c81E7f35473b3594031FCC4c519fD24Ad,0,0xa279279eb124dea02d3ebd398969ba84593d8189,1,200000000000000,9179161,140578,4989364,1743113479,0x178f36b9367a7d2bf14bf2bb1127f92fb26f535645db80d9cbdd910d0a081104,NewSale
0x184D68b6e2aFAa614406dD6F7c7aE861D1092141,79704,0xbc2d6E7c81E7f35473b3594031FCC4c519fD24Ad,1,0x055fd44e963d4b999e3299ab5841b637b0bfb40e,1,190000000000000,9190000,152878,4989396,1743113543,0xfd547e23bb4dfe0cc8b76442d183a9ea24748163e7495ee83a3e8cb853e47a45,NewSale
0xEED9b638b4702809299Ea706D83826be650B8BC8,79352,0xbc2d6E7c81E7f35473b3594031FCC4c519fD24Ad,0,0x0871c94c04d021add441f5ab4096eacb2a211ba7,1,200000000000000,9151017,140578,4989402,1743113555,0xefcda187d9f30bebcd576c00301a81ca5a7811babb88c2543497fdf320e59b59,NewSale
0xeF19D6Faa8b4dAb175eedd8ddbE4D8D281110f3a,79707,0xbc2d6E7c81E7f35473b3594031FCC4c519fD24Ad,0,0xa279279eb124dea02d3ebd398969ba84593d8189,1,200000000000000,8968731,140578,4989418,1743113587,0x976bbc2f5d0dfa5998f327deb92acebecec7d0c173a4075ee8fb972b45e43121,NewSale
0x2e205ebEa4B8e1d6Cdf8B808053780f76a0531Ca,79655,0xbc2d6E7c81E7f35473b3594031FCC4c519fD24Ad,1,0xa499490597d9b9a5fa2e478b5b9c07c83e97a199,1,16002000000000002000,9050000,165078,4989434,1743113619,0x995d7cbd99cec2c31b85d2fd21d5dc732348dddaae31ea38da63c39c73ebc088,NewSale
0xA3Aa684b021f1AfB3C12E12fA04C1422EEC849fe,79593,0xbc2d6E7c81E7f35473b3594031FCC4c519fD24Ad,0,0xc362596b64ffdfde97d771e6539dbdf4e6486c61,1,200000000000000,9403096,135778,4989438,1743113627,0x6da16a6df50396f99e8ef35f9f77c99f19c86182a0494b73fc830918c21ab303,NewSale
0x591C294443e54D91D7EF1DF91Ce81E31528fEad4,79502,0xbc2d6E7c81E7f35473b3594031FCC4c519fD24Ad,0,0x0871c94c04d021add441f5ab4096eacb2a211ba7,1,200000000000000,8997964,140578,4989440,1743113631,0x942fcf6d0590b57a8fad4bf5b9b2783363249720aabd3a133557ad354b67734d,NewSale
0x0468fDbFB57DE8FE8e9B50a352892867e83191FA,79592,0xbc2d6E7c81E7f35473b3594031FCC4c519fD24Ad,0,0xc362596b64ffdfde97d771e6539dbdf4e6486c61,1,200000000000000,9388295,140578,4989441,1743113633,0x56bece86abee89ea78f925ed79c7f43225b9864005fac8317baa53b69cfd1e12,NewSale
0x0468fDbFB57DE8FE8e9B50a352892867e83191FA,79583,0xbc2d6E7c81E7f35473b3594031FCC4c519fD24Ad,0,0xc362596b64ffdfde97d771e6539dbdf4e6486c61,1,200000000000000,9381073,140578,4989443,1743113637,0xb867b2c60a1484f39e987c4f62ca0d2579094197742df63338fcc00b7b0681b1,NewSale
0x0468fDbFB57DE8FE8e9B50a352892867e83191FA,79588,0xbc2d6E7c81E7f35473b3594031FCC4c519fD24Ad,0,0xc362596b64ffdfde97d771e6539dbdf4e6486c61,1,200000000000000,9351306,140578,4989445,1743113641,0x1ada1369fd6da36abbaca17f657ec03466caeae52dd076b47f3a13dd1a915efe,NewSale
0xA61e749144734d70De7afc340148e986E9aFE795,79581,0xbc2d6E7c81E7f35473b3594031FCC4c519fD24Ad,0,0xc362596b64ffdfde97d771e6539dbdf4e6486c61,1,200000000000000,9331398,140578,4989447,1743113645,0xdc40507360c00609c34387f13740e4f6850e8452a5a4b4b1c7f416a012316610,NewSale
0xeBbF847E7Ba9312166e5C11d4c497eec834F374C,79697,0xdc0F91C5a4D200FfC21658901c77c0fE1A14d199,0,0xe4f4baed82d30f2244fe1722aeda37def4b38ddc,1,200000000000000,8797242,150171,4989455,1743113661,0xd72986991517598120d7672e7fae9f73f7a8389890121b1b4085caed8bb662f4,NewSale
0x2e205ebEa4B8e1d6Cdf8B808053780f76a0531Ca,79655,0xbc2d6E7c81E7f35473b3594031FCC4c519fD24Ad,1,0xa499490597d9b9a5fa2e478b5b9c07c83e97a199,1,16002000000000002000,8990000,165078,4989457,1743113665,0xc9f48c95844dd54f11d18d00cd3a2294212cdb01712178f65d68a916709994e4,NewSale
0x591C294443e54D91D7EF1DF91Ce81E31528fEad4,79546,0xbc2d6E7c81E7f35473b3594031FCC4c519fD24Ad,0,0x853176ce69fad515f3f6f5e72720d5fe750fc4bb,1,200000000000000,16512700,140578,4989465,1743113681,0x6b98aad1918317027d66337093a83a3b525ea10eeab9ec9d6347b45278c7b695,NewSale
0xa4A9D4444b6ff469b356FEB2F143327953Cded33,79595,0xbc2d6E7c81E7f35473b3594031FCC4c519fD24Ad,0,0xc362596b64ffdfde97d771e6539dbdf4e6486c61,1,200000000000000,16457931,135778,4989468,1743113687,0xd43897a41f4bd540eb8f74901185bfa19ccb4d1195ff5167395df3290e5a2526,NewSale
0xA61e749144734d70De7afc340148e986E9aFE795,79565,0xbc2d6E7c81E7f35473b3594031FCC4c519fD24Ad,0,0xc362596b64ffdfde97d771e6539dbdf4e6486c61,1,200000000000000,16413630,135778,4989470,1743113691,0x9585be87835e49012cac616120a0292f4a22496d02b9a72bc6d9479969ab301d,NewSale
0x2e205ebEa4B8e1d6Cdf8B808053780f76a0531Ca,79655,0xbc2d6E7c81E7f35473b3594031FCC4c519fD24Ad,1,0xa499490597d9b9a5fa2e478b5b9c07c83e97a199,1,16002000000000002000,8910000,165078,4989471,1743113693,0xa271ed94fdc4e3ddc921ca19fa47b7e17d00251eab5e6494109ce8c2541ca66f,NewSale
0xeF19D6Faa8b4dAb175eedd8ddbE4D8D281110f3a,79721,0xbc2d6E7c81E7f35473b3594031FCC4c519fD24Ad,0,0xa279279eb124dea02d3ebd398969ba84593d8189,1,200000000000000,8564216,140578,4989478,1743113707,0x010cfc7d049090e5245a0f64f0e22fc526bd0d1edc73ce2b98f03082c379d186,NewSale
0x2e205ebEa4B8e1d6Cdf8B808053780f76a0531Ca,79655,0xbc2d6E7c81E7f35473b3594031FCC4c519fD24Ad,1,0xa499490597d9b9a5fa2e478b5b9c07c83e97a199,1,16002000000000002000,8830000,165078,4989485,1743113721,0x715b88ff92356f39a07b8e0284f7a4a77b3f176bdfa45008f0a13f57e1ff80fe,NewSale
0x591C294443e54D91D7EF1DF91Ce81E31528fEad4,79503,0xbc2d6E7c81E7f35473b3594031FCC4c519fD24Ad,0,0x0871c94c04d021add441f5ab4096eacb2a211ba7,1,200000000000000,8613406,140578,4989489,1743113729,0x99382e97259286aa69e34e34f711edae48b0bc42957abb8dbe5081434935cebe,NewSale
0xABacacC4E63422738487B5CE84A8F0e85E2efCD4,79693,0xbc2d6E7c81E7f35473b3594031FCC4c519fD24Ad,0,0xc362596b64ffdfde97d771e6539dbdf4e6486c61,1,200000000000000,15974485,140578,4989495,1743113741,0xdd9be6ce107fa865c0ec66e2c8031e0c74bac204d798145a99a7f419256f2573,NewSale
0xABacacC4E63422738487B5CE84A8F0e85E2efCD4,79699,0xbc2d6E7c81E7f35473b3594031FCC4c519fD24Ad,0,0xc362596b64ffdfde97d771e6539dbdf4e6486c61,1,200000000000000,15960874,140578,4989496,1743113743,0xee4a387b72a93c57a60404cf12ae6fd286eb29b4c10648ce8b213d5cf051fcd4,NewSale
0xABacacC4E63422738487B5CE84A8F0e85E2efCD4,79695,0xbc2d6E7c81E7f35473b3594031FCC4c519fD24Ad,0,0xc362596b64ffdfde97d771e6539dbdf4e6486c61,1,200000000000000,15935256,140578,4989499,1743113749,0x49211e0d29463ebd4c81b6900743bc3296aa430d6dbbf9ff1bfe979657be63bc,NewSale
0x9577B76820A749E1c1039cDd6A7f48A0e23796ef,79700,0xbc2d6E7c81E7f35473b3594031FCC4c519fD24Ad,1,0x7f1af11da1727736f86c8cf7052f4d253672a2af,1,249900000000000,8476361,135778,4989505,1743113761,0x0634eda030e49aa9ff1891ff64ede0ecef3702739753a7ce3908f08c1537c623,NewSale
0x2e205ebEa4B8e1d6Cdf8B808053780f76a0531Ca,79655,0xbc2d6E7c81E7f35473b3594031FCC4c519fD24Ad,1,0xa499490597d9b9a5fa2e478b5b9c07c83e97a199,1,16002000000000002000,8660000,165078,4989511,1743113773,0x09b2f97ac5f03a5dc50cc26c07e1896992c7d40dc7c2b25fd3dbe32bc8ac3b29,NewSale
0x591C294443e54D91D7EF1DF91Ce81E31528fEad4,79509,0xbc2d6E7c81E7f35473b3594031FCC4c519fD24Ad,0,0x055fd44e963d4b999e3299ab5841b637b0bfb40e,1,200000000000000,8460000,140578,4989520,1743113791,0x3e9ede594d8a4b912b6b68eba27976019bc0c89e9d7f20d5e805d572ea87a522,NewSale
0x2e205ebEa4B8e1d6Cdf8B808053780f76a0531Ca,79655,0xbc2d6E7c81E7f35473b3594031FCC4c519fD24Ad,1,0xa499490597d9b9a5fa2e478b5b9c07c83e97a199,1,16002000000000002000,8550000,165078,4989529,1743113809,0xb7e4537ac4bacc9c075168216747cdbace6ba1c47760e2296f891e32f55b26fa,NewSale
0xeF19D6Faa8b4dAb175eedd8ddbE4D8D281110f3a,79724,0xbc2d6E7c81E7f35473b3594031FCC4c519fD24Ad,0,0xc3c3e494dcc65535feae7027dac91ae5041333ef,1,200000000000000,8246787,140578,4989541,1743113833,0x8fa01afe693e99fab4de1b1531c2d5e09ec35de24372aba64699c9ce04e81c8d,NewSale
0x1Bc59be737881422fF18E83CaB84975aA9c10E0A,79469,0xbc2d6E7c81E7f35473b3594031FCC4c519fD24Ad,0,0xe0394c3b08ba043b6924bc691b100b600c55ccc6,1,200000000000000,15380070,152878,4989544,1743113839,0x087ada7ab44a125d2acc4e47a2a429972794de2179763e83b2e12b5933c56221,NewSale
0x2e205ebEa4B8e1d6Cdf8B808053780f76a0531Ca,79655,0xbc2d6E7c81E7f35473b3594031FCC4c519fD24Ad,1,0xa499490597d9b9a5fa2e478b5b9c07c83e97a199,1,16002000000000002000,8310000,165078,4989547,1743113845,0x4463be23165805dc405f3aee5df5944f10272e429fda80999c59d273a930304e,NewSale
0x2e205ebEa4B8e1d6Cdf8B808053780f76a0531Ca,79655,0xbc2d6E7c81E7f35473b3594031FCC4c519fD24Ad,1,0xa499490597d9b9a5fa2e478b5b9c07c83e97a199,1,16002000000000002000,8300000,165078,4989565,1743113881,0xf4f8ab0602201852a6e0eb7476046a04be704ba1c520792daed02c700705804c,NewSale
0x591C294443e54D91D7EF1DF91Ce81E31528fEad4,79514,0xbc2d6E7c81E7f35473b3594031FCC4c519fD24Ad,0,0xe0394c3b08ba043b6924bc691b100b600c55ccc6,1,200000000000000,15014941,135778,4989570,1743113891,0x2a3c3dbf809ee124ccea10977914f1df847864051aea00bd22f52a591cfe226b,NewSale
0x2e205ebEa4B8e1d6Cdf8B808053780f76a0531Ca,79655,0xbc2d6E7c81E7f35473b3594031FCC4c519fD24Ad,1,0xa499490597d9b9a5fa2e478b5b9c07c83e97a199,1,16002000000000002000,8050000,165078,4989590,1743113931,0x4a751f5a6df294ceda67c314da406503b3b6bc10426deb46eab2d0a454f33ea7,NewSale
0xeF19D6Faa8b4dAb175eedd8ddbE4D8D281110f3a,79723,0xbc2d6E7c81E7f35473b3594031FCC4c519fD24Ad,0,0x853176ce69fad515f3f6f5e72720d5fe750fc4bb,1,200000000000000,14681496,140578,4989608,1743113967,0x64604a1cef1536a7c6bb0ce716e85a72c893239f1723184ea5c2697f992437d3,NewSale
0x2e205ebEa4B8e1d6Cdf8B808053780f76a0531Ca,79655,0xbc2d6E7c81E7f35473b3594031FCC4c519fD24Ad,1,0xa499490597d9b9a5fa2e478b5b9c07c83e97a199,1,16002000000000002000,7980000,165078,4989612,1743113975,0xda5534283ed97013982b76805f11354241d8281607f93112eddfc8b446c6b358,NewSale
0xeF19D6Faa8b4dAb175eedd8ddbE4D8D281110f3a,79708,0xbc2d6E7c81E7f35473b3594031FCC4c519fD24Ad,0,0xc3c3e494dcc65535feae7027dac91ae5041333ef,1,200000000000000,7865520,140578,4989617,1743113985,0x8a1cc60ad7b6ae9907ef4eb60536dc74ddca26e9cb98d2d4f7ca2993facb34cc,NewSale
0x2e205ebEa4B8e1d6Cdf8B808053780f76a0531Ca,79655,0xbc2d6E7c81E7f35473b3594031FCC4c519fD24Ad,1,0xa499490597d9b9a5fa2e478b5b9c07c83e97a199,1,16002000000000002000,8050000,165078,4989631,1743114013,0x92ca3271d6968de314a1cd50cc996d836382728d39c609cc86ecc1fa083be1f4,NewSale
0x055FD44E963d4B999E3299ab5841b637b0bfb40e,79740,0xbc2d6E7c81E7f35473b3594031FCC4c519fD24Ad,1,0xbe1f137a70911b9093bcb45fcb94b40f6c126ec2,1,140000000000000,14379257,152878,4989633,1743114017,0xf29401f6150e8c34cf3e04c54a0a7d46a24c8d9cbf96feffebc510791141ba5c,NewSale
0xeF19D6Faa8b4dAb175eedd8ddbE4D8D281110f3a,79744,0xbc2d6E7c81E7f35473b3594031FCC4c519fD24Ad,0,0x853176ce69fad515f3f6f5e72720d5fe750fc4bb,1,200000000000000,14379257,140578,4989633,1743114017,0x869e3279a47caea0ffb06219e1e2e06871e6b543807adcb8b4ad224b428fff08,NewSale
0x2e205ebEa4B8e1d6Cdf8B808053780f76a0531Ca,79655,0xbc2d6E7c81E7f35473b3594031FCC4c519fD24Ad,1,0xa499490597d9b9a5fa2e478b5b9c07c83e97a199,1,16002000000000002000,8050000,165078,4989648,1743114047,0x23c90d611bd88af4c26444aefe62f068ba851a6fffabd84afa8c47137e9cacfc,NewSale
0xeF19D6Faa8b4dAb175eedd8ddbE4D8D281110f3a,79737,0xbc2d6E7c81E7f35473b3594031FCC4c519fD24Ad,0,0x853176ce69fad515f3f6f5e72720d5fe750fc4bb,1,200000000000000,14110725,140578,4989660,1743114071,0xb2b61437690554170705d33c6a11497a534f2ca8ee92fb828757a9cab68ef596,NewSale
0x0871c94c04d021ADd441F5aB4096EaCB2A211bA7,79742,0xbc2d6E7c81E7f35473b3594031FCC4c519fD24Ad,0,0xbe1f137a70911b9093bcb45fcb94b40f6c126ec2,1,194000000000000,14116214,140578,4989662,1743114075,0x71566dd70fca41d2885555de38cf3f1c47f6f8228357a03be6b0a552fd8bfe93,NewSale
0x2e205ebEa4B8e1d6Cdf8B808053780f76a0531Ca,79655,0xbc2d6E7c81E7f35473b3594031FCC4c519fD24Ad,1,0xa499490597d9b9a5fa2e478b5b9c07c83e97a199,1,16002000000000002000,8050000,165078,4989662,1743114075,0x0d6f20eda4b55d552bfb46e3fc5b11ada0ea4d6b5bcef0f36c9be1c510245e6d,NewSale
0x2e205ebEa4B8e1d6Cdf8B808053780f76a0531Ca,79655,0xbc2d6E7c81E7f35473b3594031FCC4c519fD24Ad,1,0xa499490597d9b9a5fa2e478b5b9c07c83e97a199,1,16002000000000002000,8050000,158667,4989680,1743114111,0xb11344bee78015aa2296d4953762e076c2756376c7896f811b52af0a87b5388f,NewSale
0xbEdd909Fab16fB3c91A8ab884753e34fB7cDC499,79710,0xbc2d6E7c81E7f35473b3594031FCC4c519fD24Ad,1,0xc3c3e494dcc65535feae7027dac91ae5041333ef,1,450000000000000,7477020,157690,4989694,1743114139,0x7a6759e79a1fd1140074ddeb49cb85927710a4ae094fc0777a933349f972b4f4,NewSale
0xABacacC4E63422738487B5CE84A8F0e85E2efCD4,79675,0xbc2d6E7c81E7f35473b3594031FCC4c519fD24Ad,0,0x853176ce69fad515f3f6f5e72720d5fe750fc4bb,1,200000000000000,13779364,140578,4989698,1743114147,0x9c08aad9ae1ad70d5fc9ba285d64154105a8f27dc6c85cf23b33b4ea61790b03,NewSale
0xE4f4BaEd82d30f2244fE1722aeda37dEF4B38Ddc,79505,0xdc0F91C5a4D200FfC21658901c77c0fE1A14d199,0,0x8c26a6f6fd3468bd7cecab767dc6efbb52b737b7,1,620000000000000,13703086,150183,4989705,1743114161,0x5ba1b1cda06a4346624002bbde102d960e4d3ec048e4a1378ed19d1684041fbb,NewSale
0xeF19D6Faa8b4dAb175eedd8ddbE4D8D281110f3a,79741,0xbc2d6E7c81E7f35473b3594031FCC4c519fD24Ad,0,0x853176ce69fad515f3f6f5e72720d5fe750fc4bb,1,200000000000000,13555407,140578,4989725,1743114201,0xd83be5f3d3752c17484d30cbd4e3d444d076247bd456ec2d8e117462bffeffc2,NewSale
0x4eEDe67DCB2312718aEa469b4A2D9119F1a44c44,79609,0xbc2d6E7c81E7f35473b3594031FCC4c519fD24Ad,0,0xbe1f137a70911b9093bcb45fcb94b40f6c126ec2,1,200000000000000,13540931,135778,4989726,1743114203,0xeb93a1005159eae41d665e9c9e5d41941080dc6d5402cd521c032bc645876258,NewSale
0xA279279EB124dEa02d3ebD398969bA84593d8189,79760,0xbc2d6E7c81E7f35473b3594031FCC4c519fD24Ad,0,0xc362596b64ffdfde97d771e6539dbdf4e6486c61,1,0,13426228,121300,4989742,1743114235,0x254a9817efd7f00fd48a6cd65047c73dfa45f0d6f658d409c9a030d5a74956c1,NewSale
0xe0394c3b08Ba043b6924Bc691b100b600c55cCc6,79745,0xbc2d6E7c81E7f35473b3594031FCC4c519fD24Ad,0,0xbe1f137a70911b9093bcb45fcb94b40f6c126ec2,1,190000000000000,13407560,140578,4989744,1743114239,0xc4bd134ec3343ff5d292c028afc9f7c1a2481553b95fbe978ed4862a54920334,NewSale
0xABacacC4E63422738487B5CE84A8F0e85E2efCD4,79668,0xbc2d6E7c81E7f35473b3594031FCC4c519fD24Ad,0,0x055fd44e963d4b999e3299ab5841b637b0bfb40e,1,200000000000000,7410000,140578,4989751,1743114253,0x1e43fc75f89386ccff5228eea6983254ea70dbd0aea9e76b87b10ef8c078073b,NewSale
0x0468fDbFB57DE8FE8e9B50a352892867e83191FA,79596,0xbc2d6E7c81E7f35473b3594031FCC4c519fD24Ad,0,0xbe1f137a70911b9093bcb45fcb94b40f6c126ec2,1,200000000000000,13328175,140578,4989756,1743114263,0xb915e2cf3a28344535a22e87b462683fb2d704cc7940263916165c94734e24c1,NewSale
0x2e205ebEa4B8e1d6Cdf8B808053780f76a0531Ca,79767,0xbc2d6E7c81E7f35473b3594031FCC4c519fD24Ad,1,0xa499490597d9b9a5fa2e478b5b9c07c83e97a199,1,16002000000000002000,7410000,182178,4989768,1743114287,0xf2f89992973f52b8696b6810d677066ac117748678032cd8a2a6bccdd62a5e07,NewSale
0x0468fDbFB57DE8FE8e9B50a352892867e83191FA,79606,0xbc2d6E7c81E7f35473b3594031FCC4c519fD24Ad,0,0xbe1f137a70911b9093bcb45fcb94b40f6c126ec2,1,200000000000000,13260551,135778,4989772,1743114295,0xc888d5f6d7a1584bb9c9798524a6f0f39ac9bb38ad45a556bd0120c11ba443db,NewSale
0xeF19D6Faa8b4dAb175eedd8ddbE4D8D281110f3a,79732,0xbc2d6E7c81E7f35473b3594031FCC4c519fD24Ad,0,0xbe1f137a70911b9093bcb45fcb94b40f6c126ec2,1,200000000000000,13251343,140578,4989783,1743114317,0x4c11358ed24b396ae1dc3262ff6ef2bf0f5904b5cce0ebd0898f6f30c54c6a4f,NewSale
0x230bFf75310590b1Ac4B5Fd4fb34A7cee8282Ea9,79709,0x6aD26D68bFf8cAD6bAaeA257832854e58B08150E,3,0xc3c3e494dcc65535feae7027dac91ae5041333ef,1,55000000000000000000,7189783,186930,4989790,1743114331,0x49a461e975efcd6ace1bb838003a5526814db6bf6d4bcf7e08a8a15540747d32,NewSale
0xABacacC4E63422738487B5CE84A8F0e85E2efCD4,79689,0xbc2d6E7c81E7f35473b3594031FCC4c519fD24Ad,0,0x853176ce69fad515f3f6f5e72720d5fe750fc4bb,1,200000000000000,13201453,140578,4989793,1743114337,0x3b15e8ada8a492be2a1e22acb3046e07ded41f63e73b6c90a3c130666df39194,NewSale
0x2e205ebEa4B8e1d6Cdf8B808053780f76a0531Ca,79767,0xbc2d6E7c81E7f35473b3594031FCC4c519fD24Ad,1,0xa499490597d9b9a5fa2e478b5b9c07c83e97a199,1,16002000000000002000,7450000,165078,4989795,1743114341,0x429e1c2b9e70903a417bf44828afd089ee352f20713d1720173d0d4068be15b9,NewSale
0xeF19D6Faa8b4dAb175eedd8ddbE4D8D281110f3a,79746,0xbc2d6E7c81E7f35473b3594031FCC4c519fD24Ad,1,0xbe1f137a70911b9093bcb45fcb94b40f6c126ec2,1,200000000000000,13202728,135778,4989797,1743114345,0x84d2af3ea48424eef3f3d18f5a485acdcea890c7e025585de53d9ac3d7c7acb3,NewSale
0x0871c94c04d021ADd441F5aB4096EaCB2A211bA7,79772,0xbc2d6E7c81E7f35473b3594031FCC4c519fD24Ad,0,0xbe1f137a70911b9093bcb45fcb94b40f6c126ec2,1,197000000000000,13103527,140578,4989811,1743114373,0x34e4494c946dd3c81637eb55fe6d03ac5534ca86cf7cf9a3f2e2fc88e1f66199,NewSale
0x2e205ebEa4B8e1d6Cdf8B808053780f76a0531Ca,79767,0xbc2d6E7c81E7f35473b3594031FCC4c519fD24Ad,1,0xa499490597d9b9a5fa2e478b5b9c07c83e97a199,1,16002000000000002000,7360000,165078,4989815,1743114381,0x998f30f9977581c05959519e83d38dff82de4f6dc67697638786425ff9701bbe,NewSale
0xeF19D6Faa8b4dAb175eedd8ddbE4D8D281110f3a,79718,0xbc2d6E7c81E7f35473b3594031FCC4c519fD24Ad,0,0xbe1f137a70911b9093bcb45fcb94b40f6c126ec2,1,200000000000000,12978592,140578,4989825,1743114401,0xd633d4bc89aad8ec32c9f3110874617f58de6757344bace88d3a2b76315ec6a9,NewSale
0xABacacC4E63422738487B5CE84A8F0e85E2efCD4,79674,0xbc2d6E7c81E7f35473b3594031FCC4c519fD24Ad,0,0x853176ce69fad515f3f6f5e72720d5fe750fc4bb,1,200000000000000,12895725,140578,4989830,1743114411,0xbf98cc654407e594a0f6c5c023770240de5fbdca867b23beb642e73f2b5a7704,NewSale
0x2e205ebEa4B8e1d6Cdf8B808053780f76a0531Ca,79767,0xbc2d6E7c81E7f35473b3594031FCC4c519fD24Ad,1,0xa499490597d9b9a5fa2e478b5b9c07c83e97a199,1,16002000000000002000,7090000,165078,4989835,1743114421,0x0110863ec5715e83fbbd6b9deb96544439dd7d1832531c8c56acdbe2ad3d2d0e,NewSale
0x2e205ebEa4B8e1d6Cdf8B808053780f76a0531Ca,79767,0xbc2d6E7c81E7f35473b3594031FCC4c519fD24Ad,1,0xa499490597d9b9a5fa2e478b5b9c07c83e97a199,1,16002000000000002000,6940000,165078,4989847,1743114445,0xef0a44d218859e780fac80c77105fa4880f89843c047bfa8d35b10ba9b740351,NewSale
0xABacacC4E63422738487B5CE84A8F0e85E2efCD4,79691,0xbc2d6E7c81E7f35473b3594031FCC4c519fD24Ad,0,0x853176ce69fad515f3f6f5e72720d5fe750fc4bb,1,200000000000000,12611317,140578,4989856,1743114463,0x2995b66b466c6bfcadaa277b1f8ee685acd9367c107b063b708e14935735fccf,NewSale
0x2e205ebEa4B8e1d6Cdf8B808053780f76a0531Ca,79767,0xbc2d6E7c81E7f35473b3594031FCC4c519fD24Ad,1,0xa499490597d9b9a5fa2e478b5b9c07c83e97a199,1,16002000000000002000,6830000,165078,4989869,1743114489,0x744e15971508abab06e4679ababa2abce6e0c831b1fc43877ea0c1e14e59b29d,NewSale
0x2e205ebEa4B8e1d6Cdf8B808053780f76a0531Ca,79767,0xbc2d6E7c81E7f35473b3594031FCC4c519fD24Ad,1,0xa499490597d9b9a5fa2e478b5b9c07c83e97a199,1,16002000000000002000,6770000,165078,4989880,1743114511,0xa978eabed18b4a155704c6b1b7c7972fa82d1905272b8824d33e46a32d66f0fe,NewSale
0x055FD44E963d4B999E3299ab5841b637b0bfb40e,79785,0xbc2d6E7c81E7f35473b3594031FCC4c519fD24Ad,0,0x853176ce69fad515f3f6f5e72720d5fe750fc4bb,1,170000000000000,12376924,140578,4989881,1743114513,0x5c2d46d2c1ad9908d86fb25b7280f12ca08591baa2d8ea9ebd6792e5c2bc9ea5,NewSale
0x2e205ebEa4B8e1d6Cdf8B808053780f76a0531Ca,79767,0xbc2d6E7c81E7f35473b3594031FCC4c519fD24Ad,1,0xa499490597d9b9a5fa2e478b5b9c07c83e97a199,1,16002000000000002000,6640000,165078,4989904,1743114559,0xc1c53e26283c5c8f729960f43dfc98afc335e00d0df674565cee0976cd0d409a,NewSale
0x2e205ebEa4B8e1d6Cdf8B808053780f76a0531Ca,79767,0xbc2d6E7c81E7f35473b3594031FCC4c519fD24Ad,1,0xa499490597d9b9a5fa2e478b5b9c07c83e97a199,1,16002000000000002000,6610000,165078,4989918,1743114587,0x59ca0e22da307830ec09571f7e86ba7c2ba860e3f6816ce8cbad2b6a226cf700,NewSale
0x2e205ebEa4B8e1d6Cdf8B808053780f76a0531Ca,79767,0xbc2d6E7c81E7f35473b3594031FCC4c519fD24Ad,1,0xa499490597d9b9a5fa2e478b5b9c07c83e97a199,1,16002000000000002000,6530000,165078,4989936,1743114623,0xdb2de00e5929195e0dab52ad55fbcdbdd2a2fb59183fa24c2b7c52622143f151,NewSale
0x2e205ebEa4B8e1d6Cdf8B808053780f76a0531Ca,79767,0xbc2d6E7c81E7f35473b3594031FCC4c519fD24Ad,1,0xa499490597d9b9a5fa2e478b5b9c07c83e97a199,1,16002000000000002000,6470000,165078,4989957,1743114665,0x0a4a33da77c6661b27a098864ae8aa3c707630b6e97e98a630216802bbcbb3e9,NewSale
0x2e205ebEa4B8e1d6Cdf8B808053780f76a0531Ca,79767,0xbc2d6E7c81E7f35473b3594031FCC4c519fD24Ad,1,0xa499490597d9b9a5fa2e478b5b9c07c83e97a199,1,16002000000000002000,6450000,165078,4989973,1743114697,0x07dee4d7315fb3b7ade52d84ca50280984f877c3fe5f8a276b0640f08e9cb906,NewSale
0x2e205ebEa4B8e1d6Cdf8B808053780f76a0531Ca,79767,0xbc2d6E7c81E7f35473b3594031FCC4c519fD24Ad,1,0xa499490597d9b9a5fa2e478b5b9c07c83e97a199,1,16002000000000002000,6380000,165078,4989993,1743114737,0xa8539df3dff8b87809755972fe7b7e72eedcd4c242c51cfe72628bdb5f73c9a5,NewSale
0x2e205ebEa4B8e1d6Cdf8B808053780f76a0531Ca,79767,0xbc2d6E7c81E7f35473b3594031FCC4c519fD24Ad,1,0xa499490597d9b9a5fa2e478b5b9c07c83e97a199,1,16002000000000002000,6350000,165078,4990001,1743114753,0x470c77ce7dcfec0499b2345c455532c0b6f0bb1dbdb7daee5910ffd6694f41de,NewSale
0x2e205ebEa4B8e1d6Cdf8B808053780f76a0531Ca,79767,0xbc2d6E7c81E7f35473b3594031FCC4c519fD24Ad,1,0xa499490597d9b9a5fa2e478b5b9c07c83e97a199,1,16002000000000002000,6330000,165078,4990013,1743114777,0x63bcec1e74aff0764048e8bc9920f70126fbeb1db54f6d468a092d5eebe93274,NewSale
0x2e205ebEa4B8e1d6Cdf8B808053780f76a0531Ca,79767,0xbc2d6E7c81E7f35473b3594031FCC4c519fD24Ad,1,0xa499490597d9b9a5fa2e478b5b9c07c83e97a199,1,16002000000000002000,6300000,165078,4990033,1743114817,0xc87616a725466c740a6841b8167a7c488e231800019b0e1316d2b595c1da7432,NewSale
0x2e205ebEa4B8e1d6Cdf8B808053780f76a0531Ca,79767,0xbc2d6E7c81E7f35473b3594031FCC4c519fD24Ad,1,0xa499490597d9b9a5fa2e478b5b9c07c83e97a199,1,16002000000000002000,6290000,165078,4990053,1743114857,0x2c66afe700aacd304d8a652132f6bb7a49cf92689df0e18fcf496b5a7c248f09,NewSale
0x2e205ebEa4B8e1d6Cdf8B808053780f76a0531Ca,79767,0xbc2d6E7c81E7f35473b3594031FCC4c519fD24Ad,1,0xa499490597d9b9a5fa2e478b5b9c07c83e97a199,1,16002000000000002000,6270000,165078,4990068,1743114887,0xa7fb1da6d57479bb627f70370b3e7614eed5301ee1f338c76d2637b452993add,NewSale
0x2e205ebEa4B8e1d6Cdf8B808053780f76a0531Ca,79767,0xbc2d6E7c81E7f35473b3594031FCC4c519fD24Ad,1,0xa499490597d9b9a5fa2e478b5b9c07c83e97a199,1,16002000000000002000,6230000,165078,4990086,1743114923,0x752060139722f64d472d24574f8306a4755d2172c32f1bbb9bf11455076261d9,NewSale
0xeF19D6Faa8b4dAb175eedd8ddbE4D8D281110f3a,79734,0xbc2d6E7c81E7f35473b3594031FCC4c519fD24Ad,0,0xcffd719f662a81a3db5bae4054a8f3a37f2b9c63,1,200000000000000,11337873,140578,4990120,1743114991,0x19d94bef02f0adb5111c78aa4736bf65e4ce9c441d6d1e30e780b43f1d3e3f77,NewSale
0xABacacC4E63422738487B5CE84A8F0e85E2efCD4,79688,0xbc2d6E7c81E7f35473b3594031FCC4c519fD24Ad,0,0x8c26a6f6fd3468bd7cecab767dc6efbb52b737b7,1,200000000000000,11201060,135778,4990151,1743115053,0x043e03ef804237bac116de58ba87e96b96f849fc45d21d315b2bad33d79cbef6,NewSale
0x0871c94c04d021ADd441F5aB4096EaCB2A211bA7,79779,0xbc2d6E7c81E7f35473b3594031FCC4c519fD24Ad,0,0x8c26a6f6fd3468bd7cecab767dc6efbb52b737b7,1,200019700000000,11146911,140578,4990167,1743115085,0xfadf22acabe678d51603268d642b9fadf46559ba97cdf4af50a833e7b420a580,NewSale
0xCE8eE22392516fed4B7Aa26a459B9fCA9f2b4fe8,79806,0xbc2d6E7c81E7f35473b3594031FCC4c519fD24Ad,0,0x5c75e97fd18ad86ebbb562ad5c3569a85a4dd873,1,200000000000000,6070000,140578,4990184,1743115119,0x0ee8d3761d0a5a6ec7872eee1add77aa0525accf10c257e9b560d0d18dc0708f,NewSale
0xeF19D6Faa8b4dAb175eedd8ddbE4D8D281110f3a,79725,0xbc2d6E7c81E7f35473b3594031FCC4c519fD24Ad,0,0x8c26a6f6fd3468bd7cecab767dc6efbb52b737b7,1,200000000000000,11049423,140578,4990189,1743115129,0xdf8a46a8a9242bd1025e86741e00b6e0456e71f4ceab7cc7988d9faf2969de06,NewSale
0x2e205ebEa4B8e1d6Cdf8B808053780f76a0531Ca,79767,0xbc2d6E7c81E7f35473b3594031FCC4c519fD24Ad,1,0xa499490597d9b9a5fa2e478b5b9c07c83e97a199,1,16002000000000002000,6060000,158667,4990193,1743115137,0x9468cc93f482b83e32209488e137efb510e40672694e4cab63ffe6362d36867f,NewSale
0xd6AAB56B669Bd26c46c26985038450B535894863,79839,0xbc2d6E7c81E7f35473b3594031FCC4c519fD24Ad,1,0x8c26a6f6fd3468bd7cecab767dc6efbb52b737b7,1,200000000000000,10949801,157678,4990205,1743115161,0x33b614f85f87ad3c04c706915c0840285adc895d30332343d46b5e7fa99a62a0,NewSale
0x055FD44E963d4B999E3299ab5841b637b0bfb40e,79701,0xEB255E4669Da7FeEf1F746a5a778b4e08b65a1A7,0,0xf2bc790d5bd6a546b7cd3e8da5f719cc2ec99e55,1,150000000000000,5962404,162471,4990226,1743115203,0x60cb257fa7b35b25b56c890c1c00df6cb9bfbc4c103ebd0beb14114ee7e8d59a,NewSale
0xCE8eE22392516fed4B7Aa26a459B9fCA9f2b4fe8,79797,0xbc2d6E7c81E7f35473b3594031FCC4c519fD24Ad,0,0x8c26a6f6fd3468bd7cecab767dc6efbb52b737b7,1,200000000000000,10759453,140578,4990228,1743115207,0xaca3d16759d4d6dea3e89b2aace0b9f5f151a08887105592829e2af05ddc42fb,NewSale
0xd6AAB56B669Bd26c46c26985038450B535894863,79840,0xbc2d6E7c81E7f35473b3594031FCC4c519fD24Ad,1,0x8c26a6f6fd3468bd7cecab767dc6efbb52b737b7,1,200000000000000,10667717,140578,4990241,1743115233,0x3e2757bc71c709912afe9b21d24057b94a005ee2ab3e052f9b39502b11e8aa95,NewSale
0xd0F1a18BB3E3f4248Ec43B4BC275f2C8D79aa781,77966,0xF4527A094c80C7eD9039Ed485d1AAb914b074A49,0,0xbedd909fab16fb3c91a8ab884753e34fb7cdc499,1,490000000000000,5801371,162483,4990252,1743115255,0x79269ed67c0350076ec15160a832fd389801bb8d4385c3c34a5846daf5d2105b,NewSale
0xeF19D6Faa8b4dAb175eedd8ddbE4D8D281110f3a,79736,0xbc2d6E7c81E7f35473b3594031FCC4c519fD24Ad,0,0xf2bc790d5bd6a546b7cd3e8da5f719cc2ec99e55,1,200000000000000,5891984,135778,4990254,1743115259,0x2c35baed9124f45b2d840d583788f19cd6df5a9175d83e8486d83be01731b37d,NewSale
0x0871c94c04d021ADd441F5aB4096EaCB2A211bA7,79813,0xbc2d6E7c81E7f35473b3594031FCC4c519fD24Ad,0,0x8c26a6f6fd3468bd7cecab767dc6efbb52b737b7,1,200000000000000,10567850,140578,4990260,1743115271,0x2ac26ace24e27daf4f34570ff9e37a17498b816c89123ac88dc4a246d6ebafdd,NewSale
0x0871c94c04d021ADd441F5aB4096EaCB2A211bA7,79786,0xbc2d6E7c81E7f35473b3594031FCC4c519fD24Ad,0,0xf2bc790d5bd6a546b7cd3e8da5f719cc2ec99e55,1,200000000000000,5855588,140578,4990279,1743115309,0xc3ddb457be2bb9714204ec7e7a8b6f15df2d0d519786c8b87e03dd8ef263c8c0,NewSale
0xa2089a5b4579060A7825F77E0E7dcd7EA3c7f671,79827,0xbc2d6E7c81E7f35473b3594031FCC4c519fD24Ad,0,0x271089c997e99ebdb65a9a8330ba0b840b1f3647,1,200000000000000,5823490,152878,4990301,1743115353,0x5dbe232a88c2f8a17cf4fedf766bd7e18ba2c68352ec30a039d64495a00e9024,NewSale
0x0871c94c04d021ADd441F5aB4096EaCB2A211bA7,79818,0xbc2d6E7c81E7f35473b3594031FCC4c519fD24Ad,0,0xf2bc790d5bd6a546b7cd3e8da5f719cc2ec99e55,1,200000000000000,5818309,135778,4990303,1743115357,0x3030a544cf4ff9f4216d2be95dbe4754617cf299ae7f73fd3f4494a1bdf9b1f8,NewSale
0xCE8eE22392516fed4B7Aa26a459B9fCA9f2b4fe8,79812,0xbc2d6E7c81E7f35473b3594031FCC4c519fD24Ad,0,0x8c26a6f6fd3468bd7cecab767dc6efbb52b737b7,1,200000000000000,5698853,140578,4990320,1743115391,0x77d97ff59c9232ebc2a24122b854b65a7faed029c8516fbfa9a908d02e1e5749,NewSale
0xCE8eE22392516fed4B7Aa26a459B9fCA9f2b4fe8,79801,0xbc2d6E7c81E7f35473b3594031FCC4c519fD24Ad,0,0xf2bc790d5bd6a546b7cd3e8da5f719cc2ec99e55,1,200000000000000,5774155,140578,4990331,1743115413,0x812bada75e1c93cc25a032dfdce0b114c219c67da3fce348abe03b3b8354007c,NewSale
0xCE8eE22392516fed4B7Aa26a459B9fCA9f2b4fe8,79808,0xbc2d6E7c81E7f35473b3594031FCC4c519fD24Ad,0,0xf2bc790d5bd6a546b7cd3e8da5f719cc2ec99e55,1,200000000000000,5746097,140578,4990359,1743115469,0xdb037ac5adf6bd09e74897c3a7e90c4aa8d01f5fe747d24bb1f01fd0adf6ff60,NewSale
0x2e205ebEa4B8e1d6Cdf8B808053780f76a0531Ca,79851,0xbc2d6E7c81E7f35473b3594031FCC4c519fD24Ad,1,0xa499490597d9b9a5fa2e478b5b9c07c83e97a199,1,16002000000000002000,5680000,199278,4990363,1743115477,0x543d51d0b8f29666fd4e5e153532bc69f4c71cc247a1a92fc9b208d71aee7def,NewSale
0x2e205ebEa4B8e1d6Cdf8B808053780f76a0531Ca,79851,0xbc2d6E7c81E7f35473b3594031FCC4c519fD24Ad,1,0xa499490597d9b9a5fa2e478b5b9c07c83e97a199,1,16002000000000002000,5660000,165078,4990379,1743115509,0xe8e9075291b53cc67bec3d9ee591f8b11605b6df4faf5151846d6299eb1d510c,NewSale
0xCE8eE22392516fed4B7Aa26a459B9fCA9f2b4fe8,79814,0xbc2d6E7c81E7f35473b3594031FCC4c519fD24Ad,0,0xf2bc790d5bd6a546b7cd3e8da5f719cc2ec99e55,1,200000000000000,5734581,140578,4990384,1743115519,0x2de1f6127ca3002ddf9400c49a067cec668be1bd90b0c61b6a8edc695b577333,NewSale
0x2e205ebEa4B8e1d6Cdf8B808053780f76a0531Ca,79851,0xbc2d6E7c81E7f35473b3594031FCC4c519fD24Ad,1,0xa499490597d9b9a5fa2e478b5b9c07c83e97a199,1,16002000000000002000,5650000,165078,4990392,1743115535,0xe9575ab641e8f1785eafcf8dc1994960fa6146741e19b93663281610b6c7a4aa,NewSale
0x2e205ebEa4B8e1d6Cdf8B808053780f76a0531Ca,79851,0xbc2d6E7c81E7f35473b3594031FCC4c519fD24Ad,1,0xa499490597d9b9a5fa2e478b5b9c07c83e97a199,1,16002000000000002000,5610000,165078,4990414,1743115579,0x9d3a39e5e791279360cdca13187e568061a0dd3aa0e12322501cc4aa1bccf998,NewSale
0x5AcF3c4902fB8f6159A7E5C2149691202bc141f5,79823,0xbc2d6E7c81E7f35473b3594031FCC4c519fD24Ad,0,0xf2bc790d5bd6a546b7cd3e8da5f719cc2ec99e55,1,200000000000000,5633770,135778,4990427,1743115605,0x35d375cb02a0b83522a6cca3b4adfdadd35f5122c4c47b6abe24c171b3270fa2,NewSale
0xd6AAB56B669Bd26c46c26985038450B535894863,79846,0xbc2d6E7c81E7f35473b3594031FCC4c519fD24Ad,1,0x8c26a6f6fd3468bd7cecab767dc6efbb52b737b7,1,200000000000000,5533770,140578,4990427,1743115605,0x90006e519065c9c052f1154b6120c2648016429c82b57bff191bec6ed390ccb9,NewSale
0x2e205ebEa4B8e1d6Cdf8B808053780f76a0531Ca,79851,0xbc2d6E7c81E7f35473b3594031FCC4c519fD24Ad,1,0xa499490597d9b9a5fa2e478b5b9c07c83e97a199,1,16002000000000002000,5570000,165078,4990430,1743115611,0xe5889b361b3cfc08a44521f33c8ece5bae2741fefd03b7693a33ea2e4601629c,NewSale
0x2e205ebEa4B8e1d6Cdf8B808053780f76a0531Ca,79851,0xbc2d6E7c81E7f35473b3594031FCC4c519fD24Ad,1,0xa499490597d9b9a5fa2e478b5b9c07c83e97a199,1,16002000000000002000,5550000,165078,4990449,1743115649,0x94b1b13db5baa92435f6997de13287de4546437eac2a2887b882c8c11cdc5135,NewSale
0xd6AAB56B669Bd26c46c26985038450B535894863,79857,0xbc2d6E7c81E7f35473b3594031FCC4c519fD24Ad,1,0xf2bc790d5bd6a546b7cd3e8da5f719cc2ec99e55,1,200000000000000,5585912,157678,4990455,1743115661,0xb516806d4a37016a4e4568b46ad9f990f055ab0bd97e261343d9328181b65345,NewSale
0x2e205ebEa4B8e1d6Cdf8B808053780f76a0531Ca,79851,0xbc2d6E7c81E7f35473b3594031FCC4c519fD24Ad,1,0xa499490597d9b9a5fa2e478b5b9c07c83e97a199,1,16002000000000002000,5500000,165078,4990464,1743115679,0xba48add42294326564eed9799d2d2d15330bc48019d641c388f20496bb422c16,NewSale
0xd6AAB56B669Bd26c46c26985038450B535894863,79847,0xbc2d6E7c81E7f35473b3594031FCC4c519fD24Ad,1,0x271089c997e99ebdb65a9a8330ba0b840b1f3647,1,200000000000000,5548085,157678,4990470,1743115691,0x8788e84fd3768f4b8a34a62f47a652bf88e65d3555076b6bde070a1f0d945928,NewSale
0x2e205ebEa4B8e1d6Cdf8B808053780f76a0531Ca,79851,0xbc2d6E7c81E7f35473b3594031FCC4c519fD24Ad,1,0xa499490597d9b9a5fa2e478b5b9c07c83e97a199,1,16002000000000002000,5480000,165078,4990478,1743115707,0x579b4f80298af4a00e898c83a471885281f392564d67dbf84c3fb6821c579980,NewSale
0x2e205ebEa4B8e1d6Cdf8B808053780f76a0531Ca,79851,0xbc2d6E7c81E7f35473b3594031FCC4c519fD24Ad,1,0xa499490597d9b9a5fa2e478b5b9c07c83e97a199,1,16002000000000002000,5430000,165078,4990497,1743115745,0x4efc602be6e468821cd25d5b25958831fd0b35d621be8fd3c5468c7e551d152e,NewSale
0x2e205ebEa4B8e1d6Cdf8B808053780f76a0531Ca,79851,0xbc2d6E7c81E7f35473b3594031FCC4c519fD24Ad,1,0xa499490597d9b9a5fa2e478b5b9c07c83e97a199,1,16002000000000002000,5390000,165078,4990512,1743115775,0x67e5c5c01cd7e9a7938474a6715898dd7cac1369beceafc2071e40430f3a518b,NewSale
0x2e205ebEa4B8e1d6Cdf8B808053780f76a0531Ca,79851,0xbc2d6E7c81E7f35473b3594031FCC4c519fD24Ad,1,0xa499490597d9b9a5fa2e478b5b9c07c83e97a199,1,16002000000000002000,5310000,165078,4990539,1743115829,0xee9823e132fb9c20f6c44e978f58bd71b43c9d38fa6acda67c76499c6f075e61,NewSale
0xd6AAB56B669Bd26c46c26985038450B535894863,79845,0xbc2d6E7c81E7f35473b3594031FCC4c519fD24Ad,1,0xf2bc790d5bd6a546b7cd3e8da5f719cc2ec99e55,1,200000000000000,5317386,140578,4990548,1743115847,0x20ebfe0a6a536321ee215cd1a0573f78ade930ac2cfe8056692d8fe8bafd2897,NewSale
0x2e205ebEa4B8e1d6Cdf8B808053780f76a0531Ca,79851,0xbc2d6E7c81E7f35473b3594031FCC4c519fD24Ad,1,0xa499490597d9b9a5fa2e478b5b9c07c83e97a199,1,16002000000000002000,5240000,165078,4990558,1743115867,0xdbed826f4ad9785c887ee283e3334bfcad95e952c769aecd662abe636437c3cd,NewSale
0x2e205ebEa4B8e1d6Cdf8B808053780f76a0531Ca,79851,0xbc2d6E7c81E7f35473b3594031FCC4c519fD24Ad,1,0xa499490597d9b9a5fa2e478b5b9c07c83e97a199,1,16002000000000002000,5210000,165078,4990574,1743115899,0xe4152291e778cb6eb8883297abf5770d0fcadb9faf3429511e9a6659c7868fdb,NewSale
0x2e205ebEa4B8e1d6Cdf8B808053780f76a0531Ca,79851,0xbc2d6E7c81E7f35473b3594031FCC4c519fD24Ad,1,0xa499490597d9b9a5fa2e478b5b9c07c83e97a199,1,16002000000000002000,5190000,165078,4990590,1743115931,0x19d5f03f16b23fcf8ed4c0121bf1acf6229d5cd5d180f4f938f2bb6532498dcc,NewSale
0x2e205ebEa4B8e1d6Cdf8B808053780f76a0531Ca,79851,0xbc2d6E7c81E7f35473b3594031FCC4c519fD24Ad,1,0xa499490597d9b9a5fa2e478b5b9c07c83e97a199,1,16002000000000002000,5170000,165078,4990606,1743115963,0xc282c1c17461892c915b7cd8f5c71ce559f0bd902139bedc2b941426853570c6,NewSale
0x055FD44E963d4B999E3299ab5841b637b0bfb40e,79757,0xbc2d6E7c81E7f35473b3594031FCC4c519fD24Ad,0,0xe0394c3b08ba043b6924bc691b100b600c55ccc6,1,200000000000000,9293059,140578,4990608,1743115967,0xaec245fc36f5a96754e1895483c5ffa98ab076280a1a167079fe006813562116,NewSale
0x2e205ebEa4B8e1d6Cdf8B808053780f76a0531Ca,79851,0xbc2d6E7c81E7f35473b3594031FCC4c519fD24Ad,1,0xa499490597d9b9a5fa2e478b5b9c07c83e97a199,1,16002000000000002000,5160000,165078,4990632,1743116015,0xeae24b74fdf1c4e0e69dd9f3daf7b194e4efdf05b3ff7f1c00865a26baa46194,NewSale
0xe0394c3b08Ba043b6924Bc691b100b600c55cCc6,79867,0xbc2d6E7c81E7f35473b3594031FCC4c519fD24Ad,0,0x14a5a065f6645aa70643297f64462001c7c1d112,1,190000000000000,5096069,140578,4990645,1743116041,0x6d4a0ea624c46545b86ea30456e672971da858ea80cbb73c0965b2db6a5e1f83,NewSale
0x2e205ebEa4B8e1d6Cdf8B808053780f76a0531Ca,79851,0xbc2d6E7c81E7f35473b3594031FCC4c519fD24Ad,1,0xa499490597d9b9a5fa2e478b5b9c07c83e97a199,1,16002000000000002000,5130000,165078,4990648,1743116047,0xf10197550c4a7fbc57dd4eb326bbcc9cff4f8cade0eb08e8f5eeb7972e6e534b,NewSale
0x2e205ebEa4B8e1d6Cdf8B808053780f76a0531Ca,79851,0xbc2d6E7c81E7f35473b3594031FCC4c519fD24Ad,1,0xa499490597d9b9a5fa2e478b5b9c07c83e97a199,1,16002000000000002000,5120000,165078,4990660,1743116071,0xc3306c7c0939390b261122c8a3d883225e9a4f19b6999c0d70814946805336dd,NewSale
0xbAa9672503be4067CCc6eBB08BEe52af3e0b3b4C,79865,0x2Bf46D4497e98FbA2304B0d2453922FFf559Ea02,55,0x14a5a065f6645aa70643297f64462001c7c1d112,1,699900000000000,5077915,164783,4990674,1743116099,0x3d8b7bb88b784114bf3c8dafe5001843875946fa1f9236983d343eb16fa82ff1,NewSale
0x2e205ebEa4B8e1d6Cdf8B808053780f76a0531Ca,79851,0xbc2d6E7c81E7f35473b3594031FCC4c519fD24Ad,1,0xa499490597d9b9a5fa2e478b5b9c07c83e97a199,1,16002000000000002000,5100000,165078,4990677,1743116105,0x7dcbd692e7531a0f3ca225c5f68c9792e6dfbf89dd634f5992e7744a79f1eb15,NewSale
0x2e205ebEa4B8e1d6Cdf8B808053780f76a0531Ca,79851,0xbc2d6E7c81E7f35473b3594031FCC4c519fD24Ad,1,0xa499490597d9b9a5fa2e478b5b9c07c83e97a199,1,16002000000000002000,5090000,158667,4990691,1743116133,0xee434439a1008c8bb4fc60e559bf67ef99406d7015027a0d69c3f682078dd532,NewSale
0xbAa9672503be4067CCc6eBB08BEe52af3e0b3b4C,79864,0x2Bf46D4497e98FbA2304B0d2453922FFf559Ea02,66,0x14a5a065f6645aa70643297f64462001c7c1d112,1,696969000000000,5070742,164783,4990704,1743116159,0xf69ecf3da33cb980c88c8feacca5155ae5a2d4c4cba5d046d752d917ea88074c,NewSale
0xfEaF76b47D6469deECCBa3F360844Bc65a24a542,79860,0x02e21A25F0038fa5BDEe9c0b77aC0c1E84d3d6f0,2120,0x14a5a065f6645aa70643297f64462001c7c1d112,1,780000000000000,5063486,155258,4990720,1743116191,0x7bcfb7782965e5721c996bea4ef84850890393184f834744c68f0acbc3e5c3e9,NewSale
0x7238d43427d0fdbEC9073c00AD759dF8960eaE53,79838,0xdc0F91C5a4D200FfC21658901c77c0fE1A14d199,0,0x7753995e3fe5065e2b7b84541f2319b99dfa9c64,1,4700000000000000,5080000,162483,4990721,1743116193,0x244a47dd70726f3119e387558c153abce55cd740edaca82c87b4b54564478ea1,NewSale
0xCE8eE22392516fed4B7Aa26a459B9fCA9f2b4fe8,79817,0xbc2d6E7c81E7f35473b3594031FCC4c519fD24Ad,0,0xb5c6d50436c500ab0059ad9d0344ed5b0c5519fb,1,200000000000000,9128467,157654,4990735,1743116221,0xd9c16c9dea902ec9926a514147ab1122708c9504e8630c50c4afb5284f8a8318,NewSale
0xfEaF76b47D6469deECCBa3F360844Bc65a24a542,79862,0x02e21A25F0038fa5BDEe9c0b77aC0c1E84d3d6f0,2118,0x14a5a065f6645aa70643297f64462001c7c1d112,1,780000000000000,5068288,138158,4990736,1743116223,0xfaa64cc662237627b506d18d0afe109489388cfdd7648aeb35acfb1757547e4b,NewSale
0x9c2fCc89234C8720C8CD94b0Be8e2bffF8476d90,79821,0xbc2d6E7c81E7f35473b3594031FCC4c519fD24Ad,0,0xb5c6d50436c500ab0059ad9d0344ed5b0c5519fb,1,200000000000000,9111456,135754,4990751,1743116253,0xf7fa5c2d4ffc9fdbf8ecfe9a9f9f80f8e7d8813cecd957ea45f7acb2b5c894e8,NewSale
0xfEaF76b47D6469deECCBa3F360844Bc65a24a542,79861,0x02e21A25F0038fa5BDEe9c0b77aC0c1E84d3d6f0,2119,0x14a5a065f6645aa70643297f64462001c7c1d112,1,780000000000000,5041899,138158,4990757,1743116265,0x1c96f38c42fb52a25936df261b2f17673da0ce522bc66e6044ce0d3ce07a4dbd,NewSale
0x2e205ebEa4B8e1d6Cdf8B808053780f76a0531Ca,79874,0xbc2d6E7c81E7f35473b3594031FCC4c519fD24Ad,1,0xa499490597d9b9a5fa2e478b5b9c07c83e97a199,1,16002000000000002000,5080000,182178,4990760,1743116271,0xadb82a1750fe9e7f5787ea9e2361bf385905dc93d071e192ae31294d50bf96df,NewSale
0x7d856443279f4b637a5ea4cC9DCAD30dA0c0a1D0,79825,0xbc2d6E7c81E7f35473b3594031FCC4c519fD24Ad,0,0xb5c6d50436c500ab0059ad9d0344ed5b0c5519fb,1,200000000000000,9074247,135754,4990772,1743116295,0x52342a0c2db0c7ef2c234ac18cd9a2b169d0f63627c9c240304cb573ad0323fa,NewSale
0x2e205ebEa4B8e1d6Cdf8B808053780f76a0531Ca,79874,0xbc2d6E7c81E7f35473b3594031FCC4c519fD24Ad,1,0xa499490597d9b9a5fa2e478b5b9c07c83e97a199,1,16002000000000002000,5060000,165078,4990777,1743116305,0xf99b19c73fa90ee078bd9bde74469179a1f719883d22153d4d61180c7ea21bd3,NewSale
0xfbbAd3C8dF0AeE54a4e5830c97e8F178E261fDff,79828,0xbc2d6E7c81E7f35473b3594031FCC4c519fD24Ad,0,0xb5c6d50436c500ab0059ad9d0344ed5b0c5519fb,1,200000000000000,9061219,135754,4990795,1743116341,0x3a0fc5d9319bcd46faaf6f70fad7da3ecf75dfd6049e857eea1ed9837b6ad49c,NewSale
0x2e205ebEa4B8e1d6Cdf8B808053780f76a0531Ca,79874,0xbc2d6E7c81E7f35473b3594031FCC4c519fD24Ad,1,0xa499490597d9b9a5fa2e478b5b9c07c83e97a199,1,16002000000000002000,5060000,165078,4990796,1743116343,0xdeb6b10a2353addbd1d5a145b46e0e8a0fd7b421823fd72bbb7a534a6d5f094e,NewSale
0xd6AAB56B669Bd26c46c26985038450B535894863,79858,0xbc2d6E7c81E7f35473b3594031FCC4c519fD24Ad,0,0x14a5a065f6645aa70643297f64462001c7c1d112,1,200000000000000,5026285,140578,4990799,1743116349,0x3aa18942312c7b5626437c3e6fa63a01152ce19f47683619e0de6bc0da7ef6f7,NewSale
0x412077150fbe78B9B2DfF2305968f4Dfd48F090C,79824,0xbc2d6E7c81E7f35473b3594031FCC4c519fD24Ad,0,0xb5c6d50436c500ab0059ad9d0344ed5b0c5519fb,1,200000000000000,9043369,135754,4990811,1743116373,0xe1ca918566966c4db3784b2d3898f36e1254e647d3c3f42a74ea1ef3813f9ab4,NewSale
0x2e205ebEa4B8e1d6Cdf8B808053780f76a0531Ca,79874,0xbc2d6E7c81E7f35473b3594031FCC4c519fD24Ad,1,0xa499490597d9b9a5fa2e478b5b9c07c83e97a199,1,16002000000000002000,5050000,165078,4990811,1743116373,0xb1c5332ceee217241efd628822e4a7358790f9d48aa76153bba83f550946663a,NewSale
0xd6AAB56B669Bd26c46c26985038450B535894863,79859,0xbc2d6E7c81E7f35473b3594031FCC4c519fD24Ad,0,0x14a5a065f6645aa70643297f64462001c7c1d112,1,200000000000000,5020667,135778,4990823,1743116397,0x83bde5650fb5f44ebb54e04fd2fb8ceb153b640042f42c8a0ad02d3d8be73846,NewSale
0xCE8eE22392516fed4B7Aa26a459B9fCA9f2b4fe8,79829,0xbc2d6E7c81E7f35473b3594031FCC4c519fD24Ad,0,0xb5c6d50436c500ab0059ad9d0344ed5b0c5519fb,1,200000000000000,9033163,140554,4990827,1743116405,0xf2d1b699137bfd84105810793237f933af04f385126dec035903e2d6eb7a81cd,NewSale
0xcF4d11423fB2E75D92B704f678b6BE1fa427C022,78449,0xdc0F91C5a4D200FfC21658901c77c0fE1A14d199,0,0x5c75e97fd18ad86ebbb562ad5c3569a85a4dd873,1,2400000,5040000,181756,4990829,1743116409,0xb9c00aa136221f78012ec68b0f49b52c091bb6c8d4ab04fb97ed1fc2fbcfc143,NewSale
0x2e205ebEa4B8e1d6Cdf8B808053780f76a0531Ca,79874,0xbc2d6E7c81E7f35473b3594031FCC4c519fD24Ad,1,0xa499490597d9b9a5fa2e478b5b9c07c83e97a199,1,16002000000000002000,5030000,165078,4990835,1743116421,0xd54ed1e009a81ae510738e412c5f74c078b5aaee4bc4bedcd188198ef1a25ba0,NewSale
0x2d59B7582e3562BFf6d22d5dC40FeB69a0728cFA,79869,0xbc2d6E7c81E7f35473b3594031FCC4c519fD24Ad,0,0xb5c6d50436c500ab0059ad9d0344ed5b0c5519fb,1,200000000000000,9048661,140554,4990847,1743116445,0x5367f2aa87f77542a057c845af28c8a1529ac0e58abb52fa6f384747a25bc1c7,NewSale
0xbAa9672503be4067CCc6eBB08BEe52af3e0b3b4C,79880,0x2Bf46D4497e98FbA2304B0d2453922FFf559Ea02,57,0x14a5a065f6645aa70643297f64462001c7c1d112,1,888000000000000,5017432,164783,4990851,1743116453,0x175f3f0bb477a2ae268f646bdfc7bfe55788c6aca0184ea4f12fa836f87f7048,NewSale
0x2d59B7582e3562BFf6d22d5dC40FeB69a0728cFA,79879,0xbc2d6E7c81E7f35473b3594031FCC4c519fD24Ad,0,0x14a5a065f6645aa70643297f64462001c7c1d112,1,200000000000000,5014091,140578,4990864,1743116479,0x5e4ad24ec1aaa31b5b61b326b5517ab942b05bf699b5c248168e6c7597f6c616,NewSale
0xd6AAB56B669Bd26c46c26985038450B535894863,79849,0xbc2d6E7c81E7f35473b3594031FCC4c519fD24Ad,1,0xb5c6d50436c500ab0059ad9d0344ed5b0c5519fb,1,200000000000000,9027069,157654,4990865,1743116481,0xd66676e9687fecdd57f109357a49b167da62b8ef089ceac19c99b9f4d93d1cef,NewSale
0x2d59B7582e3562BFf6d22d5dC40FeB69a0728cFA,79877,0xbc2d6E7c81E7f35473b3594031FCC4c519fD24Ad,0,0x14a5a065f6645aa70643297f64462001c7c1d112,1,200000000000000,5026596,140578,4990878,1743116507,0x89676946ffb5ae4f7604799a519045260cfb4430ff30076b7105d60d81596d9d,NewSale
0x2e205ebEa4B8e1d6Cdf8B808053780f76a0531Ca,79874,0xbc2d6E7c81E7f35473b3594031FCC4c519fD24Ad,1,0xa499490597d9b9a5fa2e478b5b9c07c83e97a199,1,16002000000000002000,5040000,165078,4990879,1743116509,0x4d2902a39a6ed081302b19c501c69f2b4bc0940ba42ae0a7ed9a795dd1ae1bb2,NewSale
0x2d59B7582e3562BFf6d22d5dC40FeB69a0728cFA,79873,0xbc2d6E7c81E7f35473b3594031FCC4c519fD24Ad,0,0xb5c6d50436c500ab0059ad9d0344ed5b0c5519fb,1,200000000000000,9032792,140554,4990884,1743116519,0x3a2d71ddb34a96d993f7060ca5b8f8b90d08020501d99ff76f09f5d8a5bf509b,NewSale
0x2d59B7582e3562BFf6d22d5dC40FeB69a0728cFA,79875,0xbc2d6E7c81E7f35473b3594031FCC4c519fD24Ad,0,0x14a5a065f6645aa70643297f64462001c7c1d112,1,200000000000000,5042307,140578,4990893,1743116537,0xa12cff885249fcb178c789b62bc80d89bfa5cda731043d03b555964ebc84c9cc,NewSale
0x2e205ebEa4B8e1d6Cdf8B808053780f76a0531Ca,79874,0xbc2d6E7c81E7f35473b3594031FCC4c519fD24Ad,1,0xa499490597d9b9a5fa2e478b5b9c07c83e97a199,1,16002000000000002000,5050000,165078,4990900,1743116551,0x0eff81828d82d007fa14c987080e1a176aee2cfd02d6bbe287ce94c3957ad3de,NewSale
0x2d59B7582e3562BFf6d22d5dC40FeB69a0728cFA,79885,0xbc2d6E7c81E7f35473b3594031FCC4c519fD24Ad,0,0xb5c6d50436c500ab0059ad9d0344ed5b0c5519fb,1,200000000000000,9052001,140554,4990905,1743116561,0x843253c0f26a430d813c238947a499e57489beb11aaa04989754b8d2984a2aeb,NewSale
0x2e205ebEa4B8e1d6Cdf8B808053780f76a0531Ca,79874,0xbc2d6E7c81E7f35473b3594031FCC4c519fD24Ad,1,0xa499490597d9b9a5fa2e478b5b9c07c83e97a199,1,16002000000000002000,5070000,165078,4990917,1743116585,0x11e08e879501043a42cce1c49ac44a7c90407121d1e1d9f05be4e58399543f50,NewSale
0x2e205ebEa4B8e1d6Cdf8B808053780f76a0531Ca,79874,0xbc2d6E7c81E7f35473b3594031FCC4c519fD24Ad,1,0xa499490597d9b9a5fa2e478b5b9c07c83e97a199,1,16002000000000002000,5060000,165078,4990933,1743116617,0x979fe5465d1d3a76911fde3c362e06823877c6748fb8b7a7d3a41ce3e6d357b7,NewSale
