listing_creator,listing_id,asset_contract,token_id,buyer,quantity_bought,total_price_paid,gas_price,gas_used,block_number,timestamp,transaction_hash,event_type
0xbfBcA9b9229e9050cFc7a88ef87177d7DEb0802B,75594,0xbc2d6E7c81E7f35473b3594031FCC4c519fD24Ad,0,0x2bc2556e197d3b244af368e4ddafdc8d5e4d2af3,1,260000000000000,28083291,140578,4939199,1743013149,0xa34783ad7e952287d18a512e4c742a7a5fe79b7ec346f19b2c1bce7129d51d09,NewSale
0x5C4D0E2C333851d98E0386B26d7252E46a6bdCD7,75618,0xbc2d6E7c81E7f35473b3594031FCC4c519fD24Ad,0,0x53ce4abf8f24dac99550400eecf7bdaa0b5ed9ce,1,200000000000000,27895177,135778,4939228,1743013207,0xa074b0c09a9399096d9768c4ab818701c5250f586cc7770c6449131899825446,NewSale
0xeF0Ef28b882d166B732d00A01Ea762B9CCd3FE44,75626,0xbc2d6E7c81E7f35473b3594031FCC4c519fD24Ad,1,0x1e5a55adbb311e0127cf6f175fa7b84180dd9988,1,245000000000000,54660117,142189,4939243,1743013237,0xbd7ef213b87cfcce43438d5ca6908e6746f21a12da74614ec8c7d47a12060842,NewSale
0xf2f8550554b158f83348e380eF5128AB204B3aBe,75589,0xbc2d6E7c81E7f35473b3594031FCC4c519fD24Ad,1,0x53ce4abf8f24dac99550400eecf7bdaa0b5ed9ce,1,240000000000000,27783848,152866,4939257,1743013265,0xe54bed6e381df0b2500c0c4fcdb412aea7ea1b6165f232f04e38af7ea8fff20a,NewSale
0xeF0Ef28b882d166B732d00A01Ea762B9CCd3FE44,75626,0xbc2d6E7c81E7f35473b3594031FCC4c519fD24Ad,1,0x0f8a2298bb31e3399083b398f945fe1bb1deebeb,1,245000000000000,28510000,159289,4939258,1743013267,0x252bb763d478aa53c42f029218dcdfdf4a4e195ec9de55a8a8acd67be02f7674,NewSale
0x5C4D0E2C333851d98E0386B26d7252E46a6bdCD7,75631,0xbc2d6E7c81E7f35473b3594031FCC4c519fD24Ad,1,0x0f8a2298bb31e3399083b398f945fe1bb1deebeb,1,230000000000000,28510000,135778,4939272,1743013295,0x013359fcad06a19710d57bc5ca08fbf4b991a8f64d22653b5a2595da32fe7d24,NewSale
0xEDcAF407b8CBa5630052976d95CC30C8105C3d71,75623,0xdc0F91C5a4D200FfC21658901c77c0fE1A14d199,0,0x6c28f443c491f941def2fd983f4ce044e1c52a29,1,500000000000000,54440391,150183,4939279,1743013309,0x48a8d3e00ccd94de3ad11bd996ef0dc68e408961640a309583d29603003e7972,NewSale
0xe365e00c328d090aa7Ed10e0FC988FB81bE67234,75593,0xbc2d6E7c81E7f35473b3594031FCC4c519fD24Ad,0,0x2bc2556e197d3b244af368e4ddafdc8d5e4d2af3,1,270000000000000,27829056,140578,4939279,1743013309,0x5c93f95d28c46f07daa62792bb00dd0b2c79d41960f2986bee12f62dc7bc8d46,NewSale
0xC0DEc165A5d6e6766Fbc35c977f89535899D0411,74786,0xbc2d6E7c81E7f35473b3594031FCC4c519fD24Ad,0,0x53ce4abf8f24dac99550400eecf7bdaa0b5ed9ce,1,265000000000000,27701481,142189,4939286,1743013323,0x9871bfcf1cd696065f30355e756ce639908d6ce3b389ab31974669d3d258953f,NewSale
0x72d8108E0A753BBF077Cf80Bc15507631D10eA10,75632,0xbc2d6E7c81E7f35473b3594031FCC4c519fD24Ad,1,0x0f8a2298bb31e3399083b398f945fe1bb1deebeb,1,240000000000000,33050000,135766,4939291,1743013333,0x9d408204b2a12beecfc65a1e5b1baa21724f145cdd1e8aa7d3f0a469cd5621b4,NewSale
0x2065b7a05102C48A44CB985a1E1f466ac9cEE08C,75212,0xbc2d6E7c81E7f35473b3594031FCC4c519fD24Ad,0,0x53ce4abf8f24dac99550400eecf7bdaa0b5ed9ce,1,275000000000000,27613039,140578,4939309,1743013369,0x52c9b786734ff29813d5b5256fe37c35c3313da8165630c72114e51f6f4a16a7,NewSale
0x1D98502C64034c04C9AB4036b4d72EcF02270d6E,75634,0xbc2d6E7c81E7f35473b3594031FCC4c519fD24Ad,0,0x0f8a2298bb31e3399083b398f945fe1bb1deebeb,1,230000000000000,33060000,140578,4939311,1743013373,0x66d2105c8dd2f6a722046eabe40b401c827a799d22a383051bf8a47b73d892f6,NewSale
0x2065b7a05102C48A44CB985a1E1f466ac9cEE08C,75235,0xbc2d6E7c81E7f35473b3594031FCC4c519fD24Ad,0,0x53ce4abf8f24dac99550400eecf7bdaa0b5ed9ce,1,275000000000000,27515931,140578,4939329,1743013409,0xb93c614810d1b2c49854daf2e0b59a90b7139d338793b448d5a2313b9e51988b,NewSale
0xeF0Ef28b882d166B732d00A01Ea762B9CCd3FE44,75626,0xbc2d6E7c81E7f35473b3594031FCC4c519fD24Ad,1,0x0f8a2298bb31e3399083b398f945fe1bb1deebeb,1,245000000000000,32980000,142189,4939332,1743013415,0x39de2c07a39773ac12a63a1473070d55bdfe0f441e58dc990807cb288fa9e8ac,NewSale
0xeF0Ef28b882d166B732d00A01Ea762B9CCd3FE44,75626,0xbc2d6E7c81E7f35473b3594031FCC4c519fD24Ad,1,0x0f8a2298bb31e3399083b398f945fe1bb1deebeb,1,245000000000000,32840000,142189,4939350,1743013451,0xf5a7ca98f1c3f902a37775a40d041c5736c21a45e004a94fda418e814394a660,NewSale
0xF8F90412F846FF6CaF6B7b93e81A3f495140dC1F,75595,0xbc2d6E7c81E7f35473b3594031FCC4c519fD24Ad,1,0x2bc2556e197d3b244af368e4ddafdc8d5e4d2af3,1,270000000000000,27244911,135778,4939355,1743013461,0x0c0eed69361b8d9013ba728a2e51d60e925a908ae616ef0d7e993f741d9dfc9c,NewSale
0x446dED6b680Fb337E9A4d9cAf3A21E89A7457981,75257,0xdc0F91C5a4D200FfC21658901c77c0fE1A14d199,0,0x731a2bd6bd64c81d51890d9ee2d150a93464e062,1,650000000000000,32840000,150183,4939366,1743013483,0x0a6ac6126c52ed33af17f748e3fe502cf8019c2aa5e8a6cda667495096344667,NewSale
0x05c9435Ba99a703456D73421DE26b0b13a8a70eb,75638,0xbc2d6E7c81E7f35473b3594031FCC4c519fD24Ad,1,0x0f8a2298bb31e3399083b398f945fe1bb1deebeb,1,240000000000000,32640000,135766,4939373,1743013497,0x015de8fca3e6e243a526cbe6f8fc9df76e0b3d55371c36d2748c5f3886743603,NewSale
0xeF0Ef28b882d166B732d00A01Ea762B9CCd3FE44,75626,0xbc2d6E7c81E7f35473b3594031FCC4c519fD24Ad,1,0x0f8a2298bb31e3399083b398f945fe1bb1deebeb,1,245000000000000,32630000,142189,4939402,1743013555,0xc5b9fb7a0c1b5963aaa695b263cca9ba762725f8e1ceefc603cb79d61e64c52a,NewSale
0xe365e00c328d090aa7Ed10e0FC988FB81bE67234,75633,0xbc2d6E7c81E7f35473b3594031FCC4c519fD24Ad,1,0x2bc2556e197d3b244af368e4ddafdc8d5e4d2af3,1,270000000000000,27203296,140578,4939416,1743013583,0xc9f9cb41e4470110c6d77f07c5454e550e049972afa68befb432a21f4a8e880f,NewSale
0x3e75F08faa9129F68b42478511037D08404705D4,75641,0xbc2d6E7c81E7f35473b3594031FCC4c519fD24Ad,1,0x0f8a2298bb31e3399083b398f945fe1bb1deebeb,1,240000000000000,28690000,135766,4939422,1743013595,0x12a976439329304e6c4795c1c289dec30bc3512d09f09f44f1b50b80da1f53f8,NewSale
0xed1e0859C5254470FC2e7e0D4BC53B3724fA0747,75642,0xbc2d6E7c81E7f35473b3594031FCC4c519fD24Ad,0,0x0f8a2298bb31e3399083b398f945fe1bb1deebeb,1,0,29180000,116500,4939451,1743013653,0xd55d119d42de96d64f9339ad6191d0d60844bb15f6e538e9321cc1ab9f657337,NewSale
0xEDcAF407b8CBa5630052976d95CC30C8105C3d71,75625,0xdc0F91C5a4D200FfC21658901c77c0fE1A14d199,0,0x6c28f443c491f941def2fd983f4ce044e1c52a29,1,500000000000000,53099509,145383,4939456,1743013663,0x7fc565e46990b062d2ea78a1ae910785651a5ba3fc917f8fa41d121b120ac0a8,NewSale
0xbfBcA9b9229e9050cFc7a88ef87177d7DEb0802B,75609,0xbc2d6E7c81E7f35473b3594031FCC4c519fD24Ad,1,0x2bc2556e197d3b244af368e4ddafdc8d5e4d2af3,1,270000000000000,27251018,140578,4939459,1743013669,0xcc8be9c59cf510c9dfc60f448be01e62e3925e6cacc8fecb9e12a62f45aab352,NewSale
0xC0DEc165A5d6e6766Fbc35c977f89535899D0411,74893,0xbc2d6E7c81E7f35473b3594031FCC4c519fD24Ad,0,0xe09079f736d2fcedcc0125257a0395c733d7f6fa,1,249999990000000,53206572,142201,4939468,1743013687,0x69a2229b199564f3905f8da1936c53963df43478f86532ce82f5044722db63b0,NewSale
0xB5F89814fedfEA4D121c4FF9665A34d4257Ee340,75650,0xbc2d6E7c81E7f35473b3594031FCC4c519fD24Ad,1,0xe09079f736d2fcedcc0125257a0395c733d7f6fa,1,240000000000000,52400944,135766,4939509,1743013769,0xb73317f373851feabd719b1257e9d28ff4a4d9de49a507f65ef3e70ab26ad66c,NewSale
0x7216f5384dbc9e61f37349f3C08fb1Bd55e29EA9,74943,0xdc0F91C5a4D200FfC21658901c77c0fE1A14d199,0,0xd70c8953a1666604cb1e22f8db6e2e25b2912452,1,650000000000000,26639994,145383,4939530,1743013811,0x634e4870ec3195fb229b2a9bfe03e5a8e531d638f48b24928ef45fb132e61da9,NewSale
0xbEDF67bc6d1758FEbd6762cf3A2E5Bb8d486948a,75645,0xbc2d6E7c81E7f35473b3594031FCC4c519fD24Ad,1,0xe09079f736d2fcedcc0125257a0395c733d7f6fa,1,240000000000000,51907810,135766,4939556,1743013863,0xc21f54f259d77dbd52986fa342cf790c6510cdcd83f1a99a5a38623054ea4e1f,NewSale
0xbA95b4a5B130C4c1d27dc9e8adcf7f087CDB4c52,75653,0x26eA0a7Bd0e3feBc7Cd919Ab46e17b47cb01Cc04,116,0x24f0e4cb9bcd6e01df7e0fc8e2a5ddf8aba10ab4,1,500000000000000,26563010,171890,4939565,1743013881,0x626a55983b33c2c64581c1a2cec602683d3d83acc9b41ac5ef07a9c4a4940604,NewSale
0xeF0Ef28b882d166B732d00A01Ea762B9CCd3FE44,75626,0xbc2d6E7c81E7f35473b3594031FCC4c519fD24Ad,1,0xe09079f736d2fcedcc0125257a0395c733d7f6fa,1,245000000000000,51762613,142189,4939571,1743013893,0x99f9907e08c6723e2ace1e468e3d3a1823e6438fe67fa63194c201fbb3ec5465,NewSale
0xfE1aE931Ed3F2e59729fB3a50ca925B5C288b0bC,75652,0xbc2d6E7c81E7f35473b3594031FCC4c519fD24Ad,1,0x2bc2556e197d3b244af368e4ddafdc8d5e4d2af3,1,269000000000000,26470091,135778,4939575,1743013901,0xb6c3fd5df123a2c9dae9d929c64cd209dc8b051a8d1ad25b227033edd76d4410,NewSale
0x4A857E2Be8EB6647CE3F7a59F3BBA4250d7273d0,75665,0xbc2d6E7c81E7f35473b3594031FCC4c519fD24Ad,1,0xe09079f736d2fcedcc0125257a0395c733d7f6fa,1,240000000000000,51749828,135766,4939585,1743013921,0xefc19b725d7c2f2745c28908acf31dce0d888a16185c522b283f8db8da8aaae0,NewSale
0x308211799d41cC96C31D767F5D0d79507fE38987,75661,0xbc2d6E7c81E7f35473b3594031FCC4c519fD24Ad,1,0x829b675d2059bf4158f5dc4f05a2ea703664050b,1,269000000000000,26408952,152878,4939591,1743013933,0x2835d4af196df1eef7a1988416d838c9387c983572ad81f53da52beec15fc89f,NewSale
0xeF0Ef28b882d166B732d00A01Ea762B9CCd3FE44,75626,0xbc2d6E7c81E7f35473b3594031FCC4c519fD24Ad,1,0xe09079f736d2fcedcc0125257a0395c733d7f6fa,1,245000000000000,51474605,142189,4939600,1743013951,0xa4c151720e0d3558541cc944c20196f9fa63ae344d2bb7603ff7d64f4dae6d6a,NewSale
0xeF0Ef28b882d166B732d00A01Ea762B9CCd3FE44,75626,0xbc2d6E7c81E7f35473b3594031FCC4c519fD24Ad,1,0xe09079f736d2fcedcc0125257a0395c733d7f6fa,1,245000000000000,51470808,142189,4939616,1743013983,0x8c6c538dceca342c7aa7dd8f4d366c735ed893971f3e491d638dd1bb67e9c34b,NewSale
0xCdC663260A596cc5F8c936d4dE1290ABB67e29fC,75624,0xEB255E4669Da7FeEf1F746a5a778b4e08b65a1A7,0,0x2d5afce86989a860ace230db8c06f0af49df4d99,1,2200000000000000,26409599,162483,4939624,1743013999,0x4be5a2c6667251aa6b3ec8283f7c2646a7ae9dc42f9fab73b6f53b09c12cb0e0,NewSale
0x1e5a55ADBB311e0127cF6F175Fa7b84180dd9988,75602,0x897d1cBBeDC44c8371672e8cA72555b5194D6D86,0,0x020202e1ee7481e587c5f333918ede01a5cc67a6,1,500000000000000,26831083,162499,4939627,1743014005,0xd1a2cf04bce9df8600a8b540f77a3c11a47181b1c58c04415d552db079f0a824,NewSale
0xAA027e6624F84248F86D991F1E85a37a72915873,75669,0xbc2d6E7c81E7f35473b3594031FCC4c519fD24Ad,1,0xe09079f736d2fcedcc0125257a0395c733d7f6fa,1,240000000000000,51490604,135766,4939631,1743014013,0x33540fd74f8da8cc2bb2c620674abbadfc075c7909ed08774b0fb8e5d0b94e6a,NewSale
0xbA95b4a5B130C4c1d27dc9e8adcf7f087CDB4c52,75663,0x26eA0a7Bd0e3feBc7Cd919Ab46e17b47cb01Cc04,114,0x24f0e4cb9bcd6e01df7e0fc8e2a5ddf8aba10ab4,1,100000000000000,26326860,154778,4939635,1743014021,0x1ba98072997b89f51dc52a69c0628bf8956e27fe26e760a6a7580d961f230abf,NewSale
0x2Dc27B3a092FBd3C3721792dc61434734174dCB8,75656,0xbc2d6E7c81E7f35473b3594031FCC4c519fD24Ad,1,0xe951d6ed0f9d9f4898bae91960ed640698fb233a,1,240000000000000,28300000,152866,4939642,1743014035,0x60c20d5e0379bbab306d944172c340f2611258a4a659add2dcbf6bfb6402ebc8,NewSale
0xeF0Ef28b882d166B732d00A01Ea762B9CCd3FE44,75626,0xbc2d6E7c81E7f35473b3594031FCC4c519fD24Ad,1,0xe951d6ed0f9d9f4898bae91960ed640698fb233a,1,245000000000000,26290000,142189,4939665,1743014081,0x133790bc7f1360df2b172591d76ba41766a322d5a76c810b1c1ab0c861c285b0,NewSale
0xE23A0745567485C3b09Edd95Ba99cf5a35F6646F,75674,0xbc2d6E7c81E7f35473b3594031FCC4c519fD24Ad,1,0xe951d6ed0f9d9f4898bae91960ed640698fb233a,1,240000000000000,26380000,135766,4939685,1743014121,0xf551717bb53846016c2a7e92d6adeedc0dc1dc1fcba75eb62b2abf9d363fd567,NewSale
0x731A2bd6BD64c81d51890d9ee2D150a93464e062,75668,0xbc2d6E7c81E7f35473b3594031FCC4c519fD24Ad,0,0x979631fb7e4b3996b3f03905c34f374039792ef6,1,400000000000000,25720000,152878,4939693,1743014137,0x978c63243da0ab66067a6b22700a4174f097aa89a3a4975fb40281ca53e1ed44,NewSale
0xC0DEc165A5d6e6766Fbc35c977f89535899D0411,74893,0xbc2d6E7c81E7f35473b3594031FCC4c519fD24Ad,0,0xe951d6ed0f9d9f4898bae91960ed640698fb233a,1,249999990000000,25790000,142201,4939705,1743014161,0x020aefb698c9b6ae0a4213d8dc715ac0aa06ba89d721c5fd23cf462a5897267b,NewSale
0xbA95b4a5B130C4c1d27dc9e8adcf7f087CDB4c52,75660,0x26eA0a7Bd0e3feBc7Cd919Ab46e17b47cb01Cc04,117,0x24f0e4cb9bcd6e01df7e0fc8e2a5ddf8aba10ab4,1,500000000000000,25611638,154790,4939714,1743014179,0xf9eeb1368f6f7ed6f7fb0549187632de531283aacdcd440ad0d5334c250f47ae,NewSale
0xeF0Ef28b882d166B732d00A01Ea762B9CCd3FE44,75626,0xbc2d6E7c81E7f35473b3594031FCC4c519fD24Ad,1,0xe951d6ed0f9d9f4898bae91960ed640698fb233a,1,245000000000000,26090000,140578,4939722,1743014195,0x0f32763689b54da424179113e4681ad084a14244744f8803c73339695fb2ff0c,NewSale
0x446dED6b680Fb337E9A4d9cAf3A21E89A7457981,75262,0xdc0F91C5a4D200FfC21658901c77c0fE1A14d199,0,0xe32573a64bc5ff42fd3d3a64b9e51df49715c881,1,650000000000000,49455638,150183,4939737,1743014225,0x600d12e3bc03aaa383399bbc982f002b5f3b6422f1ca7d7224e0e7cfa3f785ff,NewSale
0xC0DEc165A5d6e6766Fbc35c977f89535899D0411,74893,0xbc2d6E7c81E7f35473b3594031FCC4c519fD24Ad,0,0xe951d6ed0f9d9f4898bae91960ed640698fb233a,1,249999990000000,26060000,142201,4939740,1743014231,0x5f7215883abd6edab9b1356aff20c72bbf0f05983a83a8d3a0890b9cdfb655cc,NewSale
0x590B80b577FBd3b90dD384259687De45e55Dc0C2,75648,0xbc2d6E7c81E7f35473b3594031FCC4c519fD24Ad,1,0x979631fb7e4b3996b3f03905c34f374039792ef6,1,269000000000000,25100000,152878,4939750,1743014251,0x44eeee402b03defea9afc2a2d322685f9ead0abb466dc9c056bab9e52cd13269,NewSale
0xeF0Ef28b882d166B732d00A01Ea762B9CCd3FE44,75681,0xbc2d6E7c81E7f35473b3594031FCC4c519fD24Ad,1,0xe951d6ed0f9d9f4898bae91960ed640698fb233a,1,245000000000000,26090000,142189,4939762,1743014275,0x877e6b6f3685994ec0f4af54c692ca88550375f3ced4c36bf0b6e9a6e04a6635,NewSale
0xbA95b4a5B130C4c1d27dc9e8adcf7f087CDB4c52,75675,0x26eA0a7Bd0e3feBc7Cd919Ab46e17b47cb01Cc04,119,0x1d98502c64034c04c9ab4036b4d72ecf02270d6e,1,500000000000000,24560876,171890,4939774,1743014299,0x24d4a04855fd64e07907bfe9b7a7a61df1172713be65940e628562100aaa3603,NewSale
0xeF0Ef28b882d166B732d00A01Ea762B9CCd3FE44,75681,0xbc2d6E7c81E7f35473b3594031FCC4c519fD24Ad,1,0xe951d6ed0f9d9f4898bae91960ed640698fb233a,1,245000000000000,26090000,142189,4939787,1743014325,0x222a4ee354c367d91b93f5ac6829a9665369609cf47d725ea6c35bd5225e3506,NewSale
0x8fB64389D3eac9FCC77E1AFBF57FcBf2df8723dd,75578,0xDfC21bE7cC791a5f03A95E836D385bBC6d7dF384,1332,0x24f0e4cb9bcd6e01df7e0fc8e2a5ddf8aba10ab4,1,400000000000000,24153256,155246,4939800,1743014351,0xe5118fdde3b605d61af8851016853b8b55c536a3340851395d00d0ff948f20f6,NewSale
0xeF0Ef28b882d166B732d00A01Ea762B9CCd3FE44,75681,0xbc2d6E7c81E7f35473b3594031FCC4c519fD24Ad,1,0x829b675d2059bf4158f5dc4f05a2ea703664050b,1,245000000000000,23968678,142189,4939810,1743014371,0x7ec3a2ca1c49dc7bc621c145811b0f2d866dec20f44dadd38a88a451ab9e85b2,NewSale
0xeF0Ef28b882d166B732d00A01Ea762B9CCd3FE44,75681,0xbc2d6E7c81E7f35473b3594031FCC4c519fD24Ad,1,0xe951d6ed0f9d9f4898bae91960ed640698fb233a,1,245000000000000,26060000,142189,4939811,1743014373,0xa0f5438b3a2f48db0804da7f3a19631d7c68aa29181747847853e355a13e3464,NewSale
0xeF0Ef28b882d166B732d00A01Ea762B9CCd3FE44,75681,0xbc2d6E7c81E7f35473b3594031FCC4c519fD24Ad,1,0xe951d6ed0f9d9f4898bae91960ed640698fb233a,1,245000000000000,26060000,142189,4939832,1743014415,0x2005dedc9bf816344034623ce68986ff3cb5d1ffb28032c279d37ca749de4e16,NewSale
0xeF0Ef28b882d166B732d00A01Ea762B9CCd3FE44,75681,0xbc2d6E7c81E7f35473b3594031FCC4c519fD24Ad,1,0x829b675d2059bf4158f5dc4f05a2ea703664050b,1,245000000000000,23416075,142189,4939841,1743014433,0x79da942bd16eb2c2f749d6d84983fc2c992e92a3412ae2ed8503c85f44d2e6f8,NewSale
0x8fB64389D3eac9FCC77E1AFBF57FcBf2df8723dd,75585,0xDfC21bE7cC791a5f03A95E836D385bBC6d7dF384,1330,0x24f0e4cb9bcd6e01df7e0fc8e2a5ddf8aba10ab4,1,400000000000000,23494548,138146,4939847,1743014445,0x4907c21d59748a93408f59b98ed01c27cbe069647d1f5abfa25424f4d2394b47,NewSale
0xeF0Ef28b882d166B732d00A01Ea762B9CCd3FE44,75681,0xbc2d6E7c81E7f35473b3594031FCC4c519fD24Ad,1,0x829b675d2059bf4158f5dc4f05a2ea703664050b,1,245000000000000,23418219,142189,4939860,1743014471,0xb6c39c17398a3a8897e4030cc451e7e78402dbd9141dc8490b37ed00f0b79514,NewSale
0x80fe121B69163E17bd4e9CC573652e29E48fa4ae,72580,0xbc2d6E7c81E7f35473b3594031FCC4c519fD24Ad,0,0x52abeb15a963d8ddbd83501b18559a547f44ddf9,1,20000000000000000000,45193679,177366,4939879,1743014509,0x5733a75aa8e348b64f5427b5145471826820407cbe3b552e2487e5a1466623da,NewSale
0xcE0472390cF8caC474a6bD963E72F7Fae4aaCcc0,75683,0xbc2d6E7c81E7f35473b3594031FCC4c519fD24Ad,1,0xd83407e03fc39faffb91ffccfa7e505616adc4ba,1,250000000000000,22874213,152878,4939886,1743014523,0x836246231087f4ace62216fc2e2b143681a1edbc26070cc7e7e74b28ae99c8bb,NewSale
0xeF0Ef28b882d166B732d00A01Ea762B9CCd3FE44,75681,0xbc2d6E7c81E7f35473b3594031FCC4c519fD24Ad,1,0x829b675d2059bf4158f5dc4f05a2ea703664050b,1,245000000000000,22939822,142189,4939887,1743014525,0xe20f1ed1fcf741492eb13fa055774d8d1a1e578e9ad8f0547596c04689e1cc60,NewSale
0xeF0Ef28b882d166B732d00A01Ea762B9CCd3FE44,75681,0xbc2d6E7c81E7f35473b3594031FCC4c519fD24Ad,1,0x24f0e4cb9bcd6e01df7e0fc8e2a5ddf8aba10ab4,1,245000000000000,22840795,159289,4939891,1743014533,0x171398f4a9e5dc15a0d10e75fff2c9e1a2ad28e3522363e16f291fa2031d945c,NewSale
0xeF0Ef28b882d166B732d00A01Ea762B9CCd3FE44,75681,0xbc2d6E7c81E7f35473b3594031FCC4c519fD24Ad,1,0x6ad6da855ad316d8ab7cef36022b2550a2d99955,1,245000000000000,23340000,152878,4939898,1743014547,0x86c008dc7fdb6e8457ed79712f70c8c0aca68f52ebecfcd107e10e9365a94e63,NewSale
0xC0DEc165A5d6e6766Fbc35c977f89535899D0411,74893,0xbc2d6E7c81E7f35473b3594031FCC4c519fD24Ad,0,0x6ad6da855ad316d8ab7cef36022b2550a2d99955,1,249999990000000,22980000,142201,4939916,1743014583,0xea3011b7bbac1953061c2f110d14ba0c8680ad11dc5632f3a4640d21c5f29f15,NewSale
0xC0DEc165A5d6e6766Fbc35c977f89535899D0411,74893,0xbc2d6E7c81E7f35473b3594031FCC4c519fD24Ad,0,0x24f0e4cb9bcd6e01df7e0fc8e2a5ddf8aba10ab4,1,249999990000000,22326139,159301,4939928,1743014607,0x5e5b125b7e5b1e5c2e6b4a394dce5a107913fc360da7c061634242d4f044ad81,NewSale
0xC0DEc165A5d6e6766Fbc35c977f89535899D0411,74893,0xbc2d6E7c81E7f35473b3594031FCC4c519fD24Ad,0,0x6ad6da855ad316d8ab7cef36022b2550a2d99955,1,249999990000000,22980000,142201,4939931,1743014613,0x2cba5054547b60263a7f85c66c47c8000c8e55f782c679a72be0f121ae2bf5ea,NewSale
0x8fB64389D3eac9FCC77E1AFBF57FcBf2df8723dd,75575,0x02e21A25F0038fa5BDEe9c0b77aC0c1E84d3d6f0,1939,0x85cf9098343b31a4a6e7e067096a639e65ff295c,1,400000000000000,43435109,155246,4939937,1743014625,0x088cbbfe99d546f05b7c0ffcfb5450ea628bc498f47ada95a6b50ea885f4dbfa,NewSale
0xC0DEc165A5d6e6766Fbc35c977f89535899D0411,74893,0xbc2d6E7c81E7f35473b3594031FCC4c519fD24Ad,0,0x6ad6da855ad316d8ab7cef36022b2550a2d99955,1,249999990000000,23000000,142201,4939948,1743014647,0xe22ec70fb3d1ad516ab8eb9f7736f26565a9d2f993e8dda0816326085125ec46,NewSale
0xC0DEc165A5d6e6766Fbc35c977f89535899D0411,74893,0xbc2d6E7c81E7f35473b3594031FCC4c519fD24Ad,0,0x6ad6da855ad316d8ab7cef36022b2550a2d99955,1,249999990000000,22980000,142201,4939963,1743014677,0x64e4a41ba49625c426e6e4c5cd7966fbaaaa9a0198f46b2f986ac97f63c6643e,NewSale
0x42922A8Db38118e0a82477C6802bDdbB47bDF751,75687,0xbc2d6E7c81E7f35473b3594031FCC4c519fD24Ad,1,0x24f0e4cb9bcd6e01df7e0fc8e2a5ddf8aba10ab4,1,250000000000000,22013262,135778,4939964,1743014679,0xeaca648267bdeb80d819092ba2300a8d8f437922e20940a1acd9230dd11f6916,NewSale
0xC0DEc165A5d6e6766Fbc35c977f89535899D0411,74893,0xbc2d6E7c81E7f35473b3594031FCC4c519fD24Ad,0,0xe32573a64bc5ff42fd3d3a64b9e51df49715c881,1,249999990000000,42839223,142201,4939966,1743014683,0x51a6c5568fade5c5d9c8d58e8370565cec674cad10e15504bf5e91ffffd426de,NewSale
0xC0DEc165A5d6e6766Fbc35c977f89535899D0411,74893,0xbc2d6E7c81E7f35473b3594031FCC4c519fD24Ad,0,0x6ad6da855ad316d8ab7cef36022b2550a2d99955,1,249999990000000,22980000,142201,4939976,1743014703,0x156e0fd6d3c6498b49e73b648d44a5a679c7043b4a26a385e6459f97586e4b7b,NewSale
0xcE0472390cF8caC474a6bD963E72F7Fae4aaCcc0,75682,0xbc2d6E7c81E7f35473b3594031FCC4c519fD24Ad,0,0xe32573a64bc5ff42fd3d3a64b9e51df49715c881,1,250000000000000,42701134,135778,4939984,1743014719,0x1c0098ebe5ed8a3528f6c5cd00f18d653f64ab8e49d1804f582d9384701e69b1,NewSale
0xC0DEc165A5d6e6766Fbc35c977f89535899D0411,74893,0xbc2d6E7c81E7f35473b3594031FCC4c519fD24Ad,0,0x6ad6da855ad316d8ab7cef36022b2550a2d99955,1,249999990000000,22980000,142201,4939993,1743014737,0x07b52a59491710d3f654282b4b2bd3e51c19d0ee22e337596044aadac9117ce7,NewSale
0xC0DEc165A5d6e6766Fbc35c977f89535899D0411,74893,0xbc2d6E7c81E7f35473b3594031FCC4c519fD24Ad,0,0xe32573a64bc5ff42fd3d3a64b9e51df49715c881,1,249999990000000,42414518,142201,4940002,1743014755,0x413f87f2818682438f57c85bf3c063ffebd7739b93cfbecce024641a5fb2f5f7,NewSale
0xC0DEc165A5d6e6766Fbc35c977f89535899D0411,74893,0xbc2d6E7c81E7f35473b3594031FCC4c519fD24Ad,0,0x6ad6da855ad316d8ab7cef36022b2550a2d99955,1,249999990000000,22980000,142201,4940005,1743014761,0x9fe4a7f924a02a5e22080a5b1382f09655f62c0f07d320bc80562ff61a7d28b8,NewSale
0xC0DEc165A5d6e6766Fbc35c977f89535899D0411,74893,0xbc2d6E7c81E7f35473b3594031FCC4c519fD24Ad,0,0x6ad6da855ad316d8ab7cef36022b2550a2d99955,1,249999990000000,22980000,142201,4940018,1743014787,0x27fc80521c78fdad368f1ff8b9bf197d0e92b763b6703b49f7592c231ff8c279,NewSale
0xE4f4BaEd82d30f2244fE1722aeda37dEF4B38Ddc,75704,0xbc2d6E7c81E7f35473b3594031FCC4c519fD24Ad,1,0x24f0e4cb9bcd6e01df7e0fc8e2a5ddf8aba10ab4,1,250000000000000,21363313,140578,4940027,1743014805,0xa2afa678c81f5f20c363d2ada9fc6d5c54afe9852d0a878cd9ee81e1855a487d,NewSale
0xC0DEc165A5d6e6766Fbc35c977f89535899D0411,74893,0xbc2d6E7c81E7f35473b3594031FCC4c519fD24Ad,0,0x6ad6da855ad316d8ab7cef36022b2550a2d99955,1,249999990000000,22980000,142201,4940031,1743014813,0x60e817e9fb5c182667b6d8dc2b27f692ef2050de9eda29e905146e31dc133148,NewSale
0xd2264ff3574CcE20a64C5C0096C6F8202d1E8f7a,75698,0xbc2d6E7c81E7f35473b3594031FCC4c519fD24Ad,1,0x359b499fb88560d14a391198f7d093408b238e55,1,250000000000000,32950800,135778,4940050,1743014851,0x36f1ac8b64b9452de7f4941ae2c8b84087ef166777b8fd8937c747edc4f0639a,NewSale
0xE4f4BaEd82d30f2244fE1722aeda37dEF4B38Ddc,75714,0xbc2d6E7c81E7f35473b3594031FCC4c519fD24Ad,0,0x24f0e4cb9bcd6e01df7e0fc8e2a5ddf8aba10ab4,1,250000000000000,21033960,140578,4940072,1743014895,0xac9ad8bf2b826ff26427138f7907212fee90ed4bbe3ef3e455dd8fe706500a34,NewSale
0xDfFF495099D5e38c274f2c51eD945FD990d48995,75712,0xbc2d6E7c81E7f35473b3594031FCC4c519fD24Ad,1,0x359b499fb88560d14a391198f7d093408b238e55,1,250000000000000,32950800,135778,4940073,1743014897,0x9467cfac45b8ed7ffaa6a715ba17077861d2cf79b275e78a1ebf86c6e5282655,NewSale
0xa288D9303d0C19Ce8651E7f69d6F17D80070976F,66312,0xbc2d6E7c81E7f35473b3594031FCC4c519fD24Ad,0,0x52abeb15a963d8ddbd83501b18559a547f44ddf9,1,29000000000000000000,40659753,153855,4940082,1743014915,0xbbfea13f6d17f815bb707752592241b845b2071674ba231de0eaa0363fdddf8e,NewSale
0x8fB64389D3eac9FCC77E1AFBF57FcBf2df8723dd,75571,0x02e21A25F0038fa5BDEe9c0b77aC0c1E84d3d6f0,1943,0x85cf9098343b31a4a6e7e067096a639e65ff295c,1,400000000000000,40089992,138146,4940113,1743014977,0xc729489530f56d4b1c10e9f617b0c6095495d1141852d38c346df7189aeeb670,NewSale
0xC0DEc165A5d6e6766Fbc35c977f89535899D0411,74893,0xbc2d6E7c81E7f35473b3594031FCC4c519fD24Ad,0,0x04df8c1cba27019eb0e7ad6dc9927d02b7c52478,1,249999990000000,21190000,142201,4940146,1743015043,0x45c382f41c0592d36ed0384bd4855f501fce68d0dae8a67755e5b096ce61dca2,NewSale
0x1D98502C64034c04C9AB4036b4d72EcF02270d6E,75701,0xbc2d6E7c81E7f35473b3594031FCC4c519fD24Ad,1,0x695e9089fdd7d92037e525ac2cb59a509a0e9a84,1,13499999999999998,21190000,159313,4940156,1743015063,0x0be59be65b57e74250194005f7e25bf692392f0a5b8732ea2f4c185eb7172365,NewSale
0xC0DEc165A5d6e6766Fbc35c977f89535899D0411,74893,0xbc2d6E7c81E7f35473b3594031FCC4c519fD24Ad,0,0x04df8c1cba27019eb0e7ad6dc9927d02b7c52478,1,249999990000000,21190000,142201,4940164,1743015079,0x8082317654944658978087ab1696983eaec13c44a64fe3110002e213d228e8ef,NewSale
0xe365e00c328d090aa7Ed10e0FC988FB81bE67234,75605,0xbc2d6E7c81E7f35473b3594031FCC4c519fD24Ad,1,0xd4357cf9b5466fe61778baa2c463fcfba84cce19,1,270000000000000,19480000,152878,4940190,1743015131,0x39368ce434472de3cb432275b9308779a26dde9278331d5f7dd34f2c6ac67d86,NewSale
0x0cC63648a0a653eF01EA0476Dd8Cf206a31324fe,75720,0xbc2d6E7c81E7f35473b3594031FCC4c519fD24Ad,1,0xd0e3ba6682da35cb3cc7284111af5d16a3d987c6,1,250000000000000,21110000,152878,4940194,1743015139,0x66f26f1c9f44f79bf60c5a2e76adf87132010bec654f5b623ebf580c030b5a1d,NewSale
0x64f7C019021aC74A68D90D08491Ca43b2a632E71,74642,0xbc2d6E7c81E7f35473b3594031FCC4c519fD24Ad,1,0x26d338151193267498b113d9bd77c29b3836ee01,1,15200000000000000000,19660000,182154,4940195,1743015141,0x5b75eb2a1fe17ef7fc9b241c466f28a9bc948c39149ca8f14f2f4264661d1b00,NewSale
0x8fB64389D3eac9FCC77E1AFBF57FcBf2df8723dd,75574,0x02e21A25F0038fa5BDEe9c0b77aC0c1E84d3d6f0,1940,0x85cf9098343b31a4a6e7e067096a639e65ff295c,1,400000000000000,37460328,138146,4940219,1743015189,0x74394c92cfeb1580dad425f6c1cc0d38d2d8ba46962185ad2713346118b063c8,NewSale
0xE4f4BaEd82d30f2244fE1722aeda37dEF4B38Ddc,75680,0x2Bf46D4497e98FbA2304B0d2453922FFf559Ea02,60,0x2d5afce86989a860ace230db8c06f0af49df4d99,1,900000000000000,19338443,162483,4940222,1743015195,0x3aeee3db43dcb71c264e091bef5b1ea4f223d16afc7d0b2d364c038fd7138114,NewSale
0x23107b7dFf8892C3D701d50B35BFf5D693B2737E,75730,0xbc2d6E7c81E7f35473b3594031FCC4c519fD24Ad,1,0xd0e3ba6682da35cb3cc7284111af5d16a3d987c6,1,250000000000000,19910000,135778,4940224,1743015199,0xb2ef4c78f26e4b4a46c12fd714d01d8f5c4216a48584c82646f7d170cabda339,NewSale
0xE4f4BaEd82d30f2244fE1722aeda37dEF4B38Ddc,75726,0xdc0F91C5a4D200FfC21658901c77c0fE1A14d199,0,0xff7116560005a341f809bb6405260bbb0f2a1b45,1,649000000000000,36550887,162471,4940260,1743015271,0x14349c654e3846781402c768ab020707eca9593a95a313b983984541508ef6c2,NewSale
0x5894beed672B78e767445fb1345285FD9FD3422A,75737,0xbc2d6E7c81E7f35473b3594031FCC4c519fD24Ad,1,0xd4357cf9b5466fe61778baa2c463fcfba84cce19,1,259000000000000,18880000,135778,4940264,1743015279,0xafdddceb31d083436555d3fd5a5fa72052b42aeb7aee42e83b42be0e8b97ad6a,NewSale
0x8fB64389D3eac9FCC77E1AFBF57FcBf2df8723dd,75576,0x02e21A25F0038fa5BDEe9c0b77aC0c1E84d3d6f0,1938,0x85cf9098343b31a4a6e7e067096a639e65ff295c,1,400000000000000,36057004,138146,4940286,1743015323,0xb689a5f34f06153e71acb76464bda21b3321a91f2d415efde9e319b2b373e5c3,NewSale
0x80fe121B69163E17bd4e9CC573652e29E48fa4ae,72580,0xbc2d6E7c81E7f35473b3594031FCC4c519fD24Ad,0,0x26d338151193267498b113d9bd77c29b3836ee01,1,20000000000000000000,18740000,165066,4940290,1743015331,0xc7380315074ba9ab109c31cf56a663308fb03292b424e29506fda2ed96d43835,NewSale
0x6AD6da855AD316d8AB7ceF36022b2550a2D99955,75732,0xbc2d6E7c81E7f35473b3594031FCC4c519fD24Ad,0,0x04df8c1cba27019eb0e7ad6dc9927d02b7c52478,1,200000000000000,18870000,140578,4940328,1743015407,0xf38a70495e9922704fa3d3d61ccf666a92f458697f91ec464298184bd34f386a,NewSale
0xC0DEc165A5d6e6766Fbc35c977f89535899D0411,74893,0xbc2d6E7c81E7f35473b3594031FCC4c519fD24Ad,0,0x695e9089fdd7d92037e525ac2cb59a509a0e9a84,1,249999990000000,18960000,142201,4940330,1743015411,0x369d942abfbd76a8c4f316e34622355ff4753c727efe5f2624d3da8aa8e9ff02,NewSale
0x52AbeB15a963D8ddBd83501b18559a547f44ddF9,75736,0xbc2d6E7c81E7f35473b3594031FCC4c519fD24Ad,0,0x26d338151193267498b113d9bd77c29b3836ee01,1,29000000000000000000,18290000,163455,4940346,1743015443,0x791787718b60e53d351ce709313c7930b561fa291d52f6bdd14e5ade20f22856,NewSale
0x6AD6da855AD316d8AB7ceF36022b2550a2D99955,75734,0xbc2d6E7c81E7f35473b3594031FCC4c519fD24Ad,0,0x04df8c1cba27019eb0e7ad6dc9927d02b7c52478,1,200000000000000,18960000,140578,4940347,1743015445,0x2a7fe87d1644230f5757012bbc7d74eea1df0d129e783d010e1dfd5306049680,NewSale
0xC0DEc165A5d6e6766Fbc35c977f89535899D0411,74893,0xbc2d6E7c81E7f35473b3594031FCC4c519fD24Ad,0,0x695e9089fdd7d92037e525ac2cb59a509a0e9a84,1,249999990000000,18960000,142201,4940349,1743015449,0x70c01276c0687945a00f50f1ce8d3a8630175b4d38fe8d4fdfbbb9b4db12f3fa,NewSale
0x0cC63648a0a653eF01EA0476Dd8Cf206a31324fe,75719,0xbc2d6E7c81E7f35473b3594031FCC4c519fD24Ad,0,0x7a86f39cd3e090f2cadb9b334b809a9539c3cd44,1,250000000000000,18392733,152878,4940361,1743015473,0x4891ab6ad96926933acd2d33fab6249448c403e3c86f85d90fa96c89fc306a77,NewSale
0x6AD6da855AD316d8AB7ceF36022b2550a2D99955,75735,0xbc2d6E7c81E7f35473b3594031FCC4c519fD24Ad,0,0x04df8c1cba27019eb0e7ad6dc9927d02b7c52478,1,200000000000000,18870000,140578,4940366,1743015483,0xa42f4c56d7a2f8dcf3583f3320f844883727ed92a497522c592f5ff6bbe98c29,NewSale
0xbA95b4a5B130C4c1d27dc9e8adcf7f087CDB4c52,75671,0x26eA0a7Bd0e3feBc7Cd919Ab46e17b47cb01Cc04,121,0x3d1e6c85c4a2c683373c2fbea7f08139ba8f1cc2,1,500000000000000,35630525,171890,4940384,1743015519,0xbe20c24ef21ac14de42b1a5c4b050de65dad348fad616f57d4256c3dc37de2ed,NewSale
0x6AD6da855AD316d8AB7ceF36022b2550a2D99955,75738,0xbc2d6E7c81E7f35473b3594031FCC4c519fD24Ad,0,0x04df8c1cba27019eb0e7ad6dc9927d02b7c52478,1,200000000000000,18720000,140578,4940385,1743015521,0x6afa458c98a8e640a6dcc2ba5cb80b084ca6ceb622b5e20d77699de0df4063e5,NewSale
0x8fB64389D3eac9FCC77E1AFBF57FcBf2df8723dd,75580,0x02e21A25F0038fa5BDEe9c0b77aC0c1E84d3d6f0,1936,0x85cf9098343b31a4a6e7e067096a639e65ff295c,1,400000000000000,18790584,138146,4940391,1743015533,0x6f1ae4e756d857e6d3744dde22163f11c583c54741aa7683a3bfc702924029db,NewSale
0x6AD6da855AD316d8AB7ceF36022b2550a2D99955,75744,0xbc2d6E7c81E7f35473b3594031FCC4c519fD24Ad,0,0x93d75cca388bca8b1f1365011e751614c7bac145,1,200000000000000,35091791,140578,4940411,1743015573,0xfba1d960c2cf740544faf6f625037f102773e85bf761e54f698dd826d1675b10,NewSale
0x694a20d325199b94698778F2deD782792516A726,75724,0xF4527A094c80C7eD9039Ed485d1AAb914b074A49,0,0x2d5afce86989a860ace230db8c06f0af49df4d99,1,4000000000000000,17838845,168882,4940439,1743015629,0xa29059d164594329a647d74edae30a9c7ebb6d24feff0a735288433ba94c5796,NewSale
0xe32573A64BC5ff42fD3d3A64B9E51df49715c881,75651,0xdc0F91C5a4D200FfC21658901c77c0fE1A14d199,0,0x0087b8616714e74d681430bf4f9a1189965bb16f,1,600000000000000,17837162,167271,4940440,1743015631,0xaacfd3e81bb8da330296b2c012ea7c1a9125b3c3f3b1a54b8f9ff57620d99dca,NewSale
0x6AD6da855AD316d8AB7ceF36022b2550a2D99955,75739,0xbc2d6E7c81E7f35473b3594031FCC4c519fD24Ad,0,0x04df8c1cba27019eb0e7ad6dc9927d02b7c52478,1,200000000000000,18720000,140578,4940441,1743015633,0x9e1d6b69c19399d0547e2a867d7a0dd29dabc66b576cbaba6f9d51b8ef76915e,NewSale
0x6AD6da855AD316d8AB7ceF36022b2550a2D99955,75747,0xbc2d6E7c81E7f35473b3594031FCC4c519fD24Ad,0,0xceda96615cdd107dc3e30e8fa932a07d1b6ce2c4,1,200000000000000,17589843,140578,4940456,1743015663,0xf6302facbb818bb018f72bf5e718938f2a9db7f1fbb75dde17b0c6add57e67be,NewSale
0x4c884b3D7d84D96321BAA496b08Ba1020e3b9370,75741,0xbc2d6E7c81E7f35473b3594031FCC4c519fD24Ad,1,0x2d5afce86989a860ace230db8c06f0af49df4d99,1,259000000000000,17233457,152878,4940490,1743015731,0xb0356feeb0a8a036e10df7247358c485390378371dcdb6e72234f010d8496965,NewSale
0x695e9089fDD7D92037e525aC2CB59a509A0e9A84,75752,0xbc2d6E7c81E7f35473b3594031FCC4c519fD24Ad,1,0xceda96615cdd107dc3e30e8fa932a07d1b6ce2c4,1,210000000000000,17031711,152878,4940507,1743015765,0xc1cef99cbd531142b9837a4ea16c768753adadf801f3e62656b75639c30092ee,NewSale
0x695e9089fDD7D92037e525aC2CB59a509A0e9A84,75756,0xbc2d6E7c81E7f35473b3594031FCC4c519fD24Ad,0,0xceda96615cdd107dc3e30e8fa932a07d1b6ce2c4,1,200000000000000,16772319,140578,4940532,1743015815,0xba1c2679b7de97e6f4b24a10c4e209cc14ae57eeae2ed0e0c0312ad82a0e7481,NewSale
0x695e9089fDD7D92037e525aC2CB59a509A0e9A84,75758,0xbc2d6E7c81E7f35473b3594031FCC4c519fD24Ad,0,0xd0e3ba6682da35cb3cc7284111af5d16a3d987c6,1,200000000000000,18100000,140578,4940545,1743015841,0xfbab97bdc144a152ec5a72760ee4dc3b8f0e01110b2e0a00ebfeddf8c3e66daa,NewSale
0x6AD6da855AD316d8AB7ceF36022b2550a2D99955,75754,0xbc2d6E7c81E7f35473b3594031FCC4c519fD24Ad,0,0xd0e3ba6682da35cb3cc7284111af5d16a3d987c6,1,200000000000000,17060000,140578,4940586,1743015923,0x978d56676d79d5406ef72bddf0975ca1ca76e31741a0934536b47975972ebf55,NewSale
0x05FD24c9E0C09359Fe90f8BA198C48Fd29A65E5a,75727,0xbc2d6E7c81E7f35473b3594031FCC4c519fD24Ad,1,0x2d5afce86989a860ace230db8c06f0af49df4d99,1,250000000000000,15850742,135778,4940608,1743015967,0x0be9470c9cd60f67d3396fdbe244da072790aacdc1f83a74f7491d91bad4b203,NewSale
0x6AD6da855AD316d8AB7ceF36022b2550a2D99955,75750,0xbc2d6E7c81E7f35473b3594031FCC4c519fD24Ad,0,0x7aa7be09ca3fa8e141092547edc5ed2c4648c3b0,1,200000000000000,16390000,140578,4940611,1743015973,0xcf87337ac5d82c8e73bd4759a690c575c0b5e179e2dab7ab5f33c4839ea789dd,NewSale
0x695e9089fDD7D92037e525aC2CB59a509A0e9A84,75753,0xbc2d6E7c81E7f35473b3594031FCC4c519fD24Ad,0,0x7aa7be09ca3fa8e141092547edc5ed2c4648c3b0,1,200000000000000,16090000,135778,4940624,1743015999,0x9294b191a322e9d9dce2d12cc073b0af97374d0d5c04b3e49a29c9520e5d116a,NewSale
0x64f7C019021aC74A68D90D08491Ca43b2a632E71,74642,0xbc2d6E7c81E7f35473b3594031FCC4c519fD24Ad,1,0x26d338151193267498b113d9bd77c29b3836ee01,1,15200000000000000000,18380000,165054,4940625,1743016001,0x3dc59c5f1d32056308003b52fbfcb7be6c8fe58c91e373364af50318bb335c2e,NewSale
0x6AD6da855AD316d8AB7ceF36022b2550a2D99955,75749,0xbc2d6E7c81E7f35473b3594031FCC4c519fD24Ad,0,0xd0e3ba6682da35cb3cc7284111af5d16a3d987c6,1,200000000000000,16020000,135778,4940630,1743016011,0x6a1f15ea9993a7427a109d8a0951a7a4300895ad61ed4d993b7ce3d329fd6d65,NewSale
0xeF0Ef28b882d166B732d00A01Ea762B9CCd3FE44,75742,0xbc2d6E7c81E7f35473b3594031FCC4c519fD24Ad,1,0x7aa7be09ca3fa8e141092547edc5ed2c4648c3b0,1,245000000000000,16090000,159289,4940640,1743016031,0x5bcef42121ec3130501d188ad52e6f9df5e2925a538b3843cf1082f45d864421,NewSale
0x446dED6b680Fb337E9A4d9cAf3A21E89A7457981,75266,0xdc0F91C5a4D200FfC21658901c77c0fE1A14d199,0,0x2bc2556e197d3b244af368e4ddafdc8d5e4d2af3,1,650000000000000,15694504,150183,4940650,1743016051,0x75afd8d8468d6d28511dfdf30cd8457cf899862d57575914fcb9075786f30efb,NewSale
0xceDa96615cdD107dc3E30e8FA932a07D1b6ce2c4,75733,0xbc2d6E7c81E7f35473b3594031FCC4c519fD24Ad,0,0x7aa7be09ca3fa8e141092547edc5ed2c4648c3b0,1,220000000000000,16090000,140578,4940654,1743016059,0x2b634cc42c6c52b723c845f2528b711fc52ec3f2046b93a66a3792d5a3ad0490,NewSale
0xeb71c06aa1bBa30D4f20C89d3eC405ae07e2eE4C,75748,0xbc2d6E7c81E7f35473b3594031FCC4c519fD24Ad,1,0xd0e3ba6682da35cb3cc7284111af5d16a3d987c6,1,250000000000000,16020000,135778,4940656,1743016063,0xf4ff31cdcc6911c98f452bec8b4205bcd012e6f386bfdadf6683bca0ca7a2c09,NewSale
0xceDa96615cdD107dc3E30e8FA932a07D1b6ce2c4,75740,0xbc2d6E7c81E7f35473b3594031FCC4c519fD24Ad,0,0x7aa7be09ca3fa8e141092547edc5ed2c4648c3b0,1,200000000000000,16090000,140578,4940665,1743016081,0xcff4da20d6c47038c8a17590c9eab15028e2337be4a44ef9a0ba32896c8b6337,NewSale
0x64f7C019021aC74A68D90D08491Ca43b2a632E71,74642,0xbc2d6E7c81E7f35473b3594031FCC4c519fD24Ad,1,0x26d338151193267498b113d9bd77c29b3836ee01,1,15200000000000000000,15670000,165054,4940685,1743016121,0x04478bb96d8663f8836742795a901f66eefe24281763546caf6a47394b6e9423,NewSale
0x876e1f98a184d1457c9B489A92dcC2664c5EAC32,75765,0xbc2d6E7c81E7f35473b3594031FCC4c519fD24Ad,1,0xe8832fed6e792eaab3e191e1a08d54d6d5482d89,1,250000000000000,30077300,152878,4940686,1743016123,0x1bcbc825ae918bd8ad83f12d0982527643620aafba2c5c7fc5bab941a4ae2529,NewSale
0x38A372E98101708911675801225554ac6d524B2f,75768,0xbFCACb23F0B41EeEDFf7d04f52CE8f5125150806,5,0x0087b8616714e74d681430bf4f9a1189965bb16f,1,400000000000000,15297173,162459,4940728,1743016207,0x330b628c3b0f92012592665f0fa50b3031e7819f8170bdad82ddf24718b2163a,NewSale
0x64f7C019021aC74A68D90D08491Ca43b2a632E71,74642,0xbc2d6E7c81E7f35473b3594031FCC4c519fD24Ad,1,0x26d338151193267498b113d9bd77c29b3836ee01,1,15200000000000000000,15340000,165054,4940738,1743016227,0x23e0852301f995470f3795246aa096aed49ef5536341e829a17d0f912723aed1,NewSale
0xeF0Ef28b882d166B732d00A01Ea762B9CCd3FE44,75742,0xbc2d6E7c81E7f35473b3594031FCC4c519fD24Ad,1,0xd0e3ba6682da35cb3cc7284111af5d16a3d987c6,1,245000000000000,15500000,142189,4940759,1743016269,0x23c65c7edbcfe260bc05e95e57cbba45df7b208ebee97cc1cfed063571cf5796,NewSale
0x695e9089fDD7D92037e525aC2CB59a509A0e9A84,75769,0x897d1cBBeDC44c8371672e8cA72555b5194D6D86,0,0x2d5afce86989a860ace230db8c06f0af49df4d99,1,5000000000000000,14671488,145399,4940801,1743016353,0x8c73b8d0d16c785a419b8f3bd470c89595aac298c2414011047fa9ae19a15537,NewSale
0x2065b7a05102C48A44CB985a1E1f466ac9cEE08C,75039,0xbc2d6E7c81E7f35473b3594031FCC4c519fD24Ad,0,0x0087b8616714e74d681430bf4f9a1189965bb16f,1,275000000000000,14721397,140566,4940815,1743016381,0x798d7b6027ea92be06cd6a2a821709e9a08c715ebedd6b4fc9743a9409fb2b48,NewSale
0x7aa7be09cA3Fa8e141092547eDc5eD2C4648c3B0,75783,0xbc2d6E7c81E7f35473b3594031FCC4c519fD24Ad,0,0xe8832fed6e792eaab3e191e1a08d54d6d5482d89,1,270000000000000,28269642,140578,4940832,1743016415,0xce224011b596943ad9216627efd947526799cc9eadaf9e7f325f5fe7e1ae498a,NewSale
0x9B6b2b09b415c598E6193D84FE1e36C59195E5B5,75778,0xdc0F91C5a4D200FfC21658901c77c0fE1A14d199,0,0x695e9089fdd7d92037e525ac2cb59a509a0e9a84,1,649000000000000,15340000,150183,4940845,1743016441,0x2ff3c281b4e882bd88d86e11fdd9ba45ea605ec6fda9f848962713c33248ec7e,NewSale
0xeF0Ef28b882d166B732d00A01Ea762B9CCd3FE44,75742,0xbc2d6E7c81E7f35473b3594031FCC4c519fD24Ad,1,0xc5f46b6a3b6a201d67e75b1fe530191c8a485f4d,1,245000000000000,14689451,159289,4940861,1743016473,0xc96b0e60be3e889beff7fa1465cc9206ff87a0326d652e66dec5c709b10ad310,NewSale
0xC0DEc165A5d6e6766Fbc35c977f89535899D0411,74893,0xbc2d6E7c81E7f35473b3594031FCC4c519fD24Ad,0,0xc5f46b6a3b6a201d67e75b1fe530191c8a485f4d,1,249999990000000,14605062,142201,4940872,1743016495,0x3c8d0f058aa47621408752c5df8f8e39c0ed38e2fa192fe13a3518efa706308d,NewSale
0x7aa7be09cA3Fa8e141092547eDc5eD2C4648c3B0,75785,0xbc2d6E7c81E7f35473b3594031FCC4c519fD24Ad,0,0xd0e3ba6682da35cb3cc7284111af5d16a3d987c6,1,270000000000000,15340000,140578,4940874,1743016499,0x4764a9332154884c3271dd954d0931a05a4b31d63b5260d7f9c1bcae118ec04f,NewSale
0x3b98EAA0E41B395DBECBD9544Bbf443E798D3eB9,75745,0xbc2d6E7c81E7f35473b3594031FCC4c519fD24Ad,1,0x1174f081468e4339d11d7914c44dd735d555d2df,1,250000000000000,14617122,152878,4940878,1743016507,0x6ba6ba0f75e006df0d159b15998aa2a9472db24ec4d361e1eeaa00731ecca068,NewSale
0x7aa7be09cA3Fa8e141092547eDc5eD2C4648c3B0,75787,0xbc2d6E7c81E7f35473b3594031FCC4c519fD24Ad,0,0xe8832fed6e792eaab3e191e1a08d54d6d5482d89,1,270000000000000,28008286,140578,4940881,1743016513,0xabf9e3409e6c93bcbc2582ff03fb519dd7061959a3934290129cff9110ecdd68,NewSale
0xeF0Ef28b882d166B732d00A01Ea762B9CCd3FE44,75742,0xbc2d6E7c81E7f35473b3594031FCC4c519fD24Ad,1,0xc5f46b6a3b6a201d67e75b1fe530191c8a485f4d,1,245000000000000,14541222,142189,4940886,1743016523,0x7e2ca59c23d4833ec4a9986548b88d1ee430e1a68b19ef652255f6dbdfefdf6c,NewSale
0xeF0Ef28b882d166B732d00A01Ea762B9CCd3FE44,75742,0xbc2d6E7c81E7f35473b3594031FCC4c519fD24Ad,1,0xc5f46b6a3b6a201d67e75b1fe530191c8a485f4d,1,245000000000000,14430551,142189,4940904,1743016559,0xb74140756672ad623515aaaab1aaa80dbed02170633cd797c47320f44bfd866f,NewSale
0x5716F0AC1C6dfA9de2d945e8E778D4c0362F1aB7,75786,0xbc2d6E7c81E7f35473b3594031FCC4c519fD24Ad,1,0xe8832fed6e792eaab3e191e1a08d54d6d5482d89,1,250000000000000,27736415,135778,4940907,1743016565,0x343605487b7d3a151b27de571be52062217f8946eecafce642c9ab64ed2f7739,NewSale
0xeF0Ef28b882d166B732d00A01Ea762B9CCd3FE44,75742,0xbc2d6E7c81E7f35473b3594031FCC4c519fD24Ad,1,0x1174f081468e4339d11d7914c44dd735d555d2df,1,245000000000000,14360661,142189,4940908,1743016567,0xe455aa61d722630acd501afcc8b85ce123b7acf8f5e818a482a07c1121098e3b,NewSale
0x7aa7be09cA3Fa8e141092547eDc5eD2C4648c3B0,75777,0xbc2d6E7c81E7f35473b3594031FCC4c519fD24Ad,1,0xd0e3ba6682da35cb3cc7284111af5d16a3d987c6,1,270000000000000,15260000,135778,4940910,1743016571,0x5bf6f6953cf9189f1361907b784f97d2b96cb5b2ab6c8d91546809a02115c2c8,NewSale
0xeF0Ef28b882d166B732d00A01Ea762B9CCd3FE44,75742,0xbc2d6E7c81E7f35473b3594031FCC4c519fD24Ad,1,0xc5f46b6a3b6a201d67e75b1fe530191c8a485f4d,1,245000000000000,14335036,142189,4940918,1743016587,0x4fe06f793e3797dbf603b4fcb42629c7c7f05b99be014e424ac7919021bba70c,NewSale
0x9B6b2b09b415c598E6193D84FE1e36C59195E5B5,75774,0xdc0F91C5a4D200FfC21658901c77c0fE1A14d199,0,0x28fdecef6e14fab47744b18d510e32cf27b2e6f0,1,649000000000000,14335036,145383,4940918,1743016587,0xceefec114bd98da24f6626ca1fd876a705e20cb3a0d740e59e94a2f6a46e5f36,NewSale
0xeF0Ef28b882d166B732d00A01Ea762B9CCd3FE44,75742,0xbc2d6E7c81E7f35473b3594031FCC4c519fD24Ad,1,0x1174f081468e4339d11d7914c44dd735d555d2df,1,245000000000000,14065651,142189,4940935,1743016621,0x38bb754f4d8f24ebd238525f0626c4b6a3dc6d5b84a56b476bb8e6918ed203a6,NewSale
0x0C9d3d4d87A9643950317A42E588b43978779499,75789,0xbc2d6E7c81E7f35473b3594031FCC4c519fD24Ad,1,0x93d75cca388bca8b1f1365011e751614c7bac145,1,259000000000000,14496548,135778,4940936,1743016623,0x0f57d78b69c5196effe06412ad2aa416875c8787983858897f2f6bb4eaf57155,NewSale
0xeF0Ef28b882d166B732d00A01Ea762B9CCd3FE44,75742,0xbc2d6E7c81E7f35473b3594031FCC4c519fD24Ad,1,0xc5f46b6a3b6a201d67e75b1fe530191c8a485f4d,1,245000000000000,14126580,142189,4940938,1743016627,0xedaf32fa1129afb533730e9ec0abec0b9090f32c342915f5795f04c55d20c470,NewSale
0x694a20d325199b94698778F2deD782792516A726,75706,0x26eA0a7Bd0e3feBc7Cd919Ab46e17b47cb01Cc04,166,0xce3a6164c5ee8e2a4851f14c94990eb37e40637e,1,2000000000000000,14124784,171878,4940941,1743016633,0x0eef9a27f938a86b7a94d8eb710ae2ed5bba9f9f917b1286d9885fc2847415bb,NewSale
0xeF0Ef28b882d166B732d00A01Ea762B9CCd3FE44,75742,0xbc2d6E7c81E7f35473b3594031FCC4c519fD24Ad,1,0xe375e61d0c65a56475201286d32a0adc6f12d6a6,1,245000000000000,14113709,152878,4940945,1743016641,0x8100af272db5e0e986e08f20455ec312b972c7ebd5eddc9452a32ab05d0e49d6,NewSale
0xC0DEc165A5d6e6766Fbc35c977f89535899D0411,74893,0xbc2d6E7c81E7f35473b3594031FCC4c519fD24Ad,0,0xc5f46b6a3b6a201d67e75b1fe530191c8a485f4d,1,249999990000000,14114868,142201,4940952,1743016655,0x159f22cd375ddee09dd545314c5db346a2734a7ff97d710420a48ad3cf84fbd5,NewSale
0x46aa1a3676459EF1545bB16c09806611b4e27684,75790,0xbc2d6E7c81E7f35473b3594031FCC4c519fD24Ad,1,0xe8832fed6e792eaab3e191e1a08d54d6d5482d89,1,250000000000000,14511666,135778,4940953,1743016657,0xb2b87a010be894839de49652395b2e0211be5f52ad656da23af3429bd65932f2,NewSale
0xbAa9672503be4067CCc6eBB08BEe52af3e0b3b4C,72039,0x26eA0a7Bd0e3feBc7Cd919Ab46e17b47cb01Cc04,177,0xce3a6164c5ee8e2a4851f14c94990eb37e40637e,1,3300000000000000,14111666,154790,4940953,1743016657,0x8632c5df6181860e56e64ee14ef28e982f5bfde01312fcb173c20fb50a90cc38,NewSale
0xb75fbBE2Ea09ba7de02720f9837d41721D5f4E68,75775,0xbc2d6E7c81E7f35473b3594031FCC4c519fD24Ad,0,0x2d5afce86989a860ace230db8c06f0af49df4d99,1,270000000000000,14007958,135778,4940964,1743016679,0x1ce5fc8bcbe2137fe6d7e16eff6beabfa591d51eefd4d94c8a815c9ba5a96e61,NewSale
0x9F5Eb74D3d79d002b2124ae337dA1c192148160d,75691,0xbc2d6E7c81E7f35473b3594031FCC4c519fD24Ad,1,0xc5f46b6a3b6a201d67e75b1fe530191c8a485f4d,1,250000000000000,14019043,135778,4940966,1743016683,0x5d806e1ed9b7c0c3d35667571de2c01f502a331d9e95b8911cdd64d8d1ca540a,NewSale
0xC0DEc165A5d6e6766Fbc35c977f89535899D0411,74893,0xbc2d6E7c81E7f35473b3594031FCC4c519fD24Ad,0,0xc5f46b6a3b6a201d67e75b1fe530191c8a485f4d,1,249999990000000,13953848,142201,4940981,1743016713,0x4fd0dca7b392adc873ab3bd373dfda151cfa67326319770602300ce9cf32d25d,NewSale
0xC0DEc165A5d6e6766Fbc35c977f89535899D0411,74893,0xbc2d6E7c81E7f35473b3594031FCC4c519fD24Ad,0,0x1174f081468e4339d11d7914c44dd735d555d2df,1,249999990000000,13886095,142201,4940984,1743016719,0xe727566ce693deee128566cd33ec2be208c346ee3372d103c9a97a3c9c4d4401,NewSale
0x2f73027cb3d8fe2755d470BD4ef58AFAE5F59095,75694,0xbc2d6E7c81E7f35473b3594031FCC4c519fD24Ad,1,0xc5f46b6a3b6a201d67e75b1fe530191c8a485f4d,1,250000000000000,13794717,135778,4940993,1743016737,0x8c1b543d787489f85710aa20d2e6aacc46df7745511a0146cd719f00545f78d6,NewSale
0xC0DEc165A5d6e6766Fbc35c977f89535899D0411,74893,0xbc2d6E7c81E7f35473b3594031FCC4c519fD24Ad,0,0xc5f46b6a3b6a201d67e75b1fe530191c8a485f4d,1,249999990000000,13658788,142201,4941006,1743016763,0x9be2879c3a03e21b644489c541e39bd0d4d475d11bcd19b83c35b41b14c045b2,NewSale
0x8d57F40FE3a4e644f95dE7a2012B7B294907fE1c,75770,0xbc2d6E7c81E7f35473b3594031FCC4c519fD24Ad,1,0xe8832fed6e792eaab3e191e1a08d54d6d5482d89,1,250000000000000,26003347,135778,4941019,1743016789,0x7ab7c471c811197094d113eaef4e265497368f185a38c641740cf11e30e0532d,NewSale
0xC0DEc165A5d6e6766Fbc35c977f89535899D0411,74893,0xbc2d6E7c81E7f35473b3594031FCC4c519fD24Ad,0,0x1174f081468e4339d11d7914c44dd735d555d2df,1,249999990000000,13426954,142201,4941025,1743016801,0xe1435570d5386b8d6a122fa27068044f246eaefdd0a3b63c526a2e201fd13ab1,NewSale
0x446dED6b680Fb337E9A4d9cAf3A21E89A7457981,75264,0xdc0F91C5a4D200FfC21658901c77c0fE1A14d199,0,0x49d833cd50a2ba01f37cab432e41a1df83751fb8,1,650000000000000,13369379,150171,4941035,1743016821,0xa2b48fa03022806f41f9c6e72e1419bec42b6779eec48fab0cac0e25dc6a2e75,NewSale
0x01f1A7A902755b7E7AF2CF483ae521D92779f618,75792,0xbc2d6E7c81E7f35473b3594031FCC4c519fD24Ad,0,0xe8832fed6e792eaab3e191e1a08d54d6d5482d89,1,250000000000000,13642244,135778,4941046,1743016843,0x23b66b652151e5331994ef58167489e5fc78b885208f7faa119116b695b3ca46,NewSale
0xC0DEc165A5d6e6766Fbc35c977f89535899D0411,74893,0xbc2d6E7c81E7f35473b3594031FCC4c519fD24Ad,0,0xe375e61d0c65a56475201286d32a0adc6f12d6a6,1,249999990000000,13163573,142201,4941053,1743016857,0xdbac4d5ae724ac9a9990b3e69e667a57e68706c94dc8f447a69930b54c1c3e82,NewSale
0x7aa7be09cA3Fa8e141092547eDc5eD2C4648c3B0,75773,0xbc2d6E7c81E7f35473b3594031FCC4c519fD24Ad,0,0x2d5afce86989a860ace230db8c06f0af49df4d99,1,270000000000000,13084521,140578,4941062,1743016875,0x916d8f5f957cca15a356dd8397cfa0f55b772246a5312f91f7111a94abfca794,NewSale
0xC0DEc165A5d6e6766Fbc35c977f89535899D0411,74893,0xbc2d6E7c81E7f35473b3594031FCC4c519fD24Ad,0,0xdee652cb4db561f7e18c346ddfe79dd4926551dc,1,249999990000000,13020911,142201,4941071,1743016893,0x5326c142bb8b94c1f45a4990065105981060e32ad0d6197f83d856ba4d13fcdd,NewSale
0x7aa7be09cA3Fa8e141092547eDc5eD2C4648c3B0,75782,0xbc2d6E7c81E7f35473b3594031FCC4c519fD24Ad,0,0xe8832fed6e792eaab3e191e1a08d54d6d5482d89,1,270000000000000,24787633,135778,4941083,1743016917,0x703256ed28ae10bad159a40ca0d98bceeadfbfc9c2b2bd71492a5c95fc95ecd5,NewSale
0xC0DEc165A5d6e6766Fbc35c977f89535899D0411,74893,0xbc2d6E7c81E7f35473b3594031FCC4c519fD24Ad,0,0xdee652cb4db561f7e18c346ddfe79dd4926551dc,1,249999990000000,24754222,142201,4941087,1743016925,0x47f5e4806bf1adfaa3aa75a76dd1d4d1ddec99bc65cf1329f1cc0675b98504c4,NewSale
0x8A50dEB4AA603BdbDeA9c99e204518cA23b71D2a,75796,0xdc0F91C5a4D200FfC21658901c77c0fE1A14d199,0,0x1d98502c64034c04c9ab4036b4d72ecf02270d6e,1,620000000000000,12951556,145383,4941089,1743016929,0xb11b07127252e8fd4188697c7ecfa69a536ead5618c994272499f29422f3fb39,NewSale
0xC0DEc165A5d6e6766Fbc35c977f89535899D0411,74893,0xbc2d6E7c81E7f35473b3594031FCC4c519fD24Ad,0,0xce3a6164c5ee8e2a4851f14c94990eb37e40637e,1,249999990000000,12917680,142201,4941090,1743016931,0xc150864fb0521421b71fec6dce2f956c88abb80847afca27f48e740fd4f35641,NewSale
0xC0DEc165A5d6e6766Fbc35c977f89535899D0411,74893,0xbc2d6E7c81E7f35473b3594031FCC4c519fD24Ad,0,0xdee652cb4db561f7e18c346ddfe79dd4926551dc,1,249999990000000,24591620,142201,4941105,1743016961,0xdf072e687434de9c3d124478a97f739e1862dccd34b73b8f99326df7b561ecdb,NewSale
0xC0DEc165A5d6e6766Fbc35c977f89535899D0411,74893,0xbc2d6E7c81E7f35473b3594031FCC4c519fD24Ad,0,0x62a85c300766cc3070b9a90a79264b784690b865,1,249999990000000,12754237,142201,4941105,1743016961,0xe5842eafb39bad5fae6cc5c8f410112a2e3fd8ca375f1e3639dcb381845ef7e0,NewSale
0x0d10a41CB8cf5FEEB00be965f373c7517A57d93C,75801,0x02e21A25F0038fa5BDEe9c0b77aC0c1E84d3d6f0,1908,0xe8832fed6e792eaab3e191e1a08d54d6d5482d89,1,190000000000000,24577625,155246,4941110,1743016971,0x7b6aad39b736aa5426184e924ec14c4b9c6c0b05529ab9e9b500b64c2cc77912,NewSale
0x1e5a55ADBB311e0127cF6F175Fa7b84180dd9988,75654,0x26eA0a7Bd0e3feBc7Cd919Ab46e17b47cb01Cc04,194,0x9b0cec1e3bbbff6b667c7ccf8c78c0898f0adfc0,1,500000000000000,12780000,172012,4941135,1743017021,0x3982f032c85ed967ef6e064426a9c57973ac27f10d778c8a68b64bc67f8bcc11,NewSale
0xC0DEc165A5d6e6766Fbc35c977f89535899D0411,74893,0xbc2d6E7c81E7f35473b3594031FCC4c519fD24Ad,0,0xdee652cb4db561f7e18c346ddfe79dd4926551dc,1,249999990000000,24477791,142201,4941136,1743017023,0xe0f0c1410fbe4667f12b9084843c59ad62b191f82af1bbb91a055e52b1b78fdb,NewSale
0xf15cDc04Cfe28e5c94d0d728eE41dc4a0bf6f724,75767,0xbc2d6E7c81E7f35473b3594031FCC4c519fD24Ad,1,0x62a85c300766cc3070b9a90a79264b784690b865,1,250000000000000,12750099,152878,4941136,1743017023,0x77ad98e08c20917df8433eb9b03f12c84df171e3286030c4f9c56c295afb26ac,NewSale
0x8200B9F9BAc339d9b139731379f277cADEd21cB9,75776,0xbc2d6E7c81E7f35473b3594031FCC4c519fD24Ad,1,0xe8832fed6e792eaab3e191e1a08d54d6d5482d89,1,250000000000000,24540228,135766,4941140,1743017031,0xe2705a4fc7d34a8568edf2fcd6bdec31bf77ddf7744887273473333a0490e70f,NewSale
0x1Df38C2Ae32517D2C26b92f2FA4a32115f56e3Ac,75707,0xbc2d6E7c81E7f35473b3594031FCC4c519fD24Ad,1,0xce3a6164c5ee8e2a4851f14c94990eb37e40637e,1,250000000000000,12779189,152878,4941193,1743017137,0x15b911c0687fd9b137c8a2e0c9e34f5a9ef2aa0841095be0e7c45930bff5dfbe,NewSale
0xC0DEc165A5d6e6766Fbc35c977f89535899D0411,74893,0xbc2d6E7c81E7f35473b3594031FCC4c519fD24Ad,0,0xdee652cb4db561f7e18c346ddfe79dd4926551dc,1,249999990000000,24337801,142201,4941196,1743017143,0x55a0bfe1d3d166ff5526b3cfee155a127b19b10ae338d788b4706c512fddba75,NewSale
0xbA95b4a5B130C4c1d27dc9e8adcf7f087CDB4c52,75677,0x26eA0a7Bd0e3feBc7Cd919Ab46e17b47cb01Cc04,123,0xbaa9672503be4067ccc6ebb08bee52af3e0b3b4c,1,500000000000000,12545092,154790,4941217,1743017185,0x5ef721e439807221662a7813452283484ca33f9d586fecd46f2dd42bac8334ce,NewSale
0x38A372E98101708911675801225554ac6d524B2f,75763,0x02e21A25F0038fa5BDEe9c0b77aC0c1E84d3d6f0,1636,0x2d5afce86989a860ace230db8c06f0af49df4d99,1,400000000000000,12742533,150446,4941226,1743017203,0xdec28d26f8cb6cd70a1665810ca9c6f727b2c124cef2823c506665c42a6d6b0b,NewSale
0x8fB64389D3eac9FCC77E1AFBF57FcBf2df8723dd,75572,0x02e21A25F0038fa5BDEe9c0b77aC0c1E84d3d6f0,1942,0xd485a5e67815c4d5ef976a2a3f03cd21df2901a0,1,400000000000000,12361117,155246,4941296,1743017343,0x31c49c123b79e8f9d1013ece21d6eda5369313d629d95237d0ea3bc3da79c783,NewSale
0x41f07238C5096Eb7eb68c50FE8AE5AdDECBBF5C2,75766,0xbFCACb23F0B41EeEDFf7d04f52CE8f5125150806,7,0x2d5afce86989a860ace230db8c06f0af49df4d99,1,500000000000000,12401495,164783,4941304,1743017359,0x55fcd4ffebb3ec6df2b447968db68b19331d5eba0faabba8c3badfbbf4f2f71d,NewSale
0x8fB64389D3eac9FCC77E1AFBF57FcBf2df8723dd,75579,0xDfC21bE7cC791a5f03A95E836D385bBC6d7dF384,1331,0x9b0cec1e3bbbff6b667c7ccf8c78c0898f0adfc0,1,400000000000000,12370000,150446,4941317,1743017385,0x81cad12de06a9b367ff04ceab51074774cdaffd929b660881ff88da829a86b31,NewSale
0x8fB64389D3eac9FCC77E1AFBF57FcBf2df8723dd,75573,0x02e21A25F0038fa5BDEe9c0b77aC0c1E84d3d6f0,1941,0xd485a5e67815c4d5ef976a2a3f03cd21df2901a0,1,400000000000000,12273991,138146,4941332,1743017415,0x7733ea74ba22794fa846ee46e2a07d16edcef95055b0d009fac92fb8028ffc83,NewSale
0x8fB64389D3eac9FCC77E1AFBF57FcBf2df8723dd,75577,0x02e21A25F0038fa5BDEe9c0b77aC0c1E84d3d6f0,1937,0xd485a5e67815c4d5ef976a2a3f03cd21df2901a0,1,400000000000000,12293999,138146,4941396,1743017543,0xdd27f962f63f5b29dc3f71bbb2b48509fa5dd7768cb5df2a99ec63f2f8ab7706,NewSale
0x8fB64389D3eac9FCC77E1AFBF57FcBf2df8723dd,75581,0x02e21A25F0038fa5BDEe9c0b77aC0c1E84d3d6f0,1935,0xd485a5e67815c4d5ef976a2a3f03cd21df2901a0,1,400000000000000,12276340,138146,4941411,1743017573,0x6b443ea3ec1b9a52aa6793299d31f4b9c83d2b1ae7017b7c6747223f1b9b96a4,NewSale
0xb191C90513190725612dC12b15B65B228E2AD7f1,75812,0xbc2d6E7c81E7f35473b3594031FCC4c519fD24Ad,1,0x63dc9ce8413b7c30a9dd25dc21b48f255e036dc2,1,250000000000000,12400000,152878,4941441,1743017633,0x51db8ec23c42dabf7d918c028df19268d254aa773b2d940e401df1f9b0c5d130,NewSale
0x8b12a4B1D2886ff79A74CEf362Ef1FC3264df2c1,75818,0xbc2d6E7c81E7f35473b3594031FCC4c519fD24Ad,1,0x4e5eceb61e64a94bc9e72751a05feaf6308387f3,1,250000000000000,12484849,135778,4941451,1743017653,0x67933558af3c77077af94f81a71a890657ccd8e560863055106c96b8f57ccd86,NewSale
0x8fB64389D3eac9FCC77E1AFBF57FcBf2df8723dd,75582,0x02e21A25F0038fa5BDEe9c0b77aC0c1E84d3d6f0,1934,0xd485a5e67815c4d5ef976a2a3f03cd21df2901a0,1,400000000000000,12385755,138146,4941457,1743017665,0x2e86a0898dbd0365a9d12afdc9e2ccd71c7fffdd78fae35d8d9c9f2ec2ea8279,NewSale
0x8fB64389D3eac9FCC77E1AFBF57FcBf2df8723dd,75583,0x02e21A25F0038fa5BDEe9c0b77aC0c1E84d3d6f0,1933,0xd485a5e67815c4d5ef976a2a3f03cd21df2901a0,1,400000000000000,12454853,138146,4941473,1743017697,0xf2a9e1eacd73dd4a5478fcdb30fd237bb139396d9b0501fc5913077f12d64d7f,NewSale
0x37C9a72f7699dF5270a8C409411391F2df0EcC94,74864,0x02e21A25F0038fa5BDEe9c0b77aC0c1E84d3d6f0,1878,0x5cc7a4ff3713aeb55e64b803cdc7a4db4af9a273,1,430000000000000,12617191,155258,4941490,1743017731,0xf99998104868cc85f861d479d831f0a1a28b9503cfa890032f511d6813aa9052,NewSale
0xC0DEc165A5d6e6766Fbc35c977f89535899D0411,74893,0xbc2d6E7c81E7f35473b3594031FCC4c519fD24Ad,0,0x77b64511de56ef10ccc3c256dfecd3951c8d4d3c,1,249999990000000,12560000,142201,4941520,1743017791,0x0834b21ac070e7aa52e5a8b01f012cf34b4ba2bd2177ac99de524e7ec889a47d,NewSale
0x8fB64389D3eac9FCC77E1AFBF57FcBf2df8723dd,75584,0x02e21A25F0038fa5BDEe9c0b77aC0c1E84d3d6f0,1932,0xd485a5e67815c4d5ef976a2a3f03cd21df2901a0,1,400000000000000,12460158,138146,4941526,1743017803,0x3a9380f2ae8610402ff9e6de195f93f3472a8030d79fbdc90c0819ab6de261a7,NewSale
0xA6EE03E9A49e5efF1C8bb24B49Fa39b4A36E4cC4,75800,0xbc2d6E7c81E7f35473b3594031FCC4c519fD24Ad,1,0x77b64511de56ef10ccc3c256dfecd3951c8d4d3c,1,259000000000000,13320000,152878,4941536,1743017823,0xbde4cf28db1e0e79ca277b313df6a8670d34dc33ec5e894f367ec98bd208e3e1,NewSale
0x8fB64389D3eac9FCC77E1AFBF57FcBf2df8723dd,75586,0x02e21A25F0038fa5BDEe9c0b77aC0c1E84d3d6f0,1931,0xd485a5e67815c4d5ef976a2a3f03cd21df2901a0,1,400000000000000,12474321,138146,4941545,1743017841,0x04a4d6ad1532aae1db19e2493d2a3ccfe795b4088399c75d6190ce63ce1494b6,NewSale
0xCE3A6164c5Ee8e2A4851F14c94990EB37E40637e,75808,0xbc2d6E7c81E7f35473b3594031FCC4c519fD24Ad,0,0x77b64511de56ef10ccc3c256dfecd3951c8d4d3c,1,230000000000000,13030000,140578,4941554,1743017859,0x4e719a130c2b0dbd6cce62ef80e9f20ac154f607d7dc737b3a82684facddeffc,NewSale
0x1174f081468E4339d11D7914c44dD735d555d2Df,75824,0xbc2d6E7c81E7f35473b3594031FCC4c519fD24Ad,0,0x49ce656c30d119d9b67147d367309730894e8b42,1,247000000000000,12411130,140578,4941564,1743017879,0x925f4cefc9b28c6aac135475a3f21a61695b4afda8cb0aae2c00196beabdebcf,NewSale
0xe375e61d0c65a56475201286D32A0ADC6F12d6a6,75825,0xbc2d6E7c81E7f35473b3594031FCC4c519fD24Ad,0,0xff7c271c30d83552f7f28af93399e3df739e510b,1,250000000000000,13100000,157678,4941565,1743017881,0xd4910739971889fbb85bfd0d0ecd174d461093c83cd2044518af0b69bbc7baba,NewSale
0x8fB64389D3eac9FCC77E1AFBF57FcBf2df8723dd,75587,0x02e21A25F0038fa5BDEe9c0b77aC0c1E84d3d6f0,1930,0xd485a5e67815c4d5ef976a2a3f03cd21df2901a0,1,400000000000000,12406857,138146,4941590,1743017931,0xa56c5a2d90bd11e01816203cb08bc818c1d81bfb03f85fc49d05a13b56759f9e,NewSale
0x1174f081468E4339d11D7914c44dD735d555d2Df,75820,0xbc2d6E7c81E7f35473b3594031FCC4c519fD24Ad,0,0x41dde2765f480391efd728f9b251cc4cb49b0c91,1,246000000000000,12467441,140578,4941595,1743017941,0x536e771c51a1b77ce77b08b901a4057d75971860b5e2dcc64cfc6ceb25870e07,NewSale
0x0A64010817d1161d89BdaA0110965D52Aa3307aA,75821,0xbc2d6E7c81E7f35473b3594031FCC4c519fD24Ad,1,0x49ce656c30d119d9b67147d367309730894e8b42,1,250000000000000,12367441,152878,4941595,1743017941,0xa12c9ae5971da4d1972dfdbf868644eb72da300321ada41097c4ee2cea355c7e,NewSale
0xCE3A6164c5Ee8e2A4851F14c94990EB37E40637e,75811,0xbc2d6E7c81E7f35473b3594031FCC4c519fD24Ad,0,0x77b64511de56ef10ccc3c256dfecd3951c8d4d3c,1,200000000000000,13000000,135778,4941607,1743017965,0x28534a51a64ae9341931331b7ab8ea509c7a8d34761948b7c5c514f945332184,NewSale
0x8fB64389D3eac9FCC77E1AFBF57FcBf2df8723dd,75588,0x02e21A25F0038fa5BDEe9c0b77aC0c1E84d3d6f0,1929,0xd485a5e67815c4d5ef976a2a3f03cd21df2901a0,1,400000000000000,12318482,133346,4941609,1743017969,0xbe9a8b48ce4cf52dd8aa082dd7eb54aae07e3e3ba05562142b6f35724b354994,NewSale
0x98cfDD2C32F2337a3EA8fcFE3F878Ad397da551f,75831,0xbc2d6E7c81E7f35473b3594031FCC4c519fD24Ad,0,0x77b64511de56ef10ccc3c256dfecd3951c8d4d3c,1,200000000000000,13000000,140578,4941622,1743017995,0x5f16f486307f9a55fb150c4599d71ceb796b6e3071853371b814b52a1a073f08,NewSale
0xFD2cfD07cE019E1F327C7F77B7Ab6F1EF2aFCB70,75826,0xbc2d6E7c81E7f35473b3594031FCC4c519fD24Ad,1,0x49ce656c30d119d9b67147d367309730894e8b42,1,250000000000000,12387411,135778,4941628,1743018007,0x57029587bb599e354e56fd52ebb18a5a7b76d562dc6901582e0e52e624ce2006,NewSale
0xbA95b4a5B130C4c1d27dc9e8adcf7f087CDB4c52,75667,0x26eA0a7Bd0e3feBc7Cd919Ab46e17b47cb01Cc04,118,0xff7116560005a341f809bb6405260bbb0f2a1b45,1,500000000000000,12827541,171878,4941639,1743018029,0x513706155ae7b6ff502b3f10852b728194f8d6d3794ff47dcbf7f2b5b8dc53fa,NewSale
0xA6F543664cd0b48E9feeDf3CbEaCebb4CFE67Df2,75809,0xbc2d6E7c81E7f35473b3594031FCC4c519fD24Ad,1,0x49ce656c30d119d9b67147d367309730894e8b42,1,250000000000000,12216525,135778,4941656,1743018063,0x13296ed6db8a547ac1406352c126b4ebd809ede2f3f09958fe493ccff9edda51,NewSale
0x98cfDD2C32F2337a3EA8fcFE3F878Ad397da551f,75832,0xbc2d6E7c81E7f35473b3594031FCC4c519fD24Ad,0,0x4b25be1f1a121ce17463b92f2698f3412aaa411b,1,200000000000000,12309521,140578,4941664,1743018079,0x28d388ae19baec1dc753ad4d8bc3354a5281e43bbbfe1e893128b59447ea6843,NewSale
0x98cfDD2C32F2337a3EA8fcFE3F878Ad397da551f,75834,0xbc2d6E7c81E7f35473b3594031FCC4c519fD24Ad,0,0x49ce656c30d119d9b67147d367309730894e8b42,1,200000000000000,12082750,140578,4941688,1743018127,0x4fe93ef3fcf0c7c7a43d7cb35dfe064db8f168956a34c77322b158df696f0fac,NewSale
0x1174f081468E4339d11D7914c44dD735d555d2Df,75830,0xbc2d6E7c81E7f35473b3594031FCC4c519fD24Ad,0,0x49ce656c30d119d9b67147d367309730894e8b42,1,247000000000000,11997835,140578,4941744,1743018239,0x84afcded07037f32e99498ea0fa16b64108c8631e8fd9179b1bfa65d468dcc20,NewSale
0x1174f081468E4339d11D7914c44dD735d555d2Df,75828,0xbc2d6E7c81E7f35473b3594031FCC4c519fD24Ad,0,0x49ce656c30d119d9b67147d367309730894e8b42,1,247000000000000,11864075,140578,4941770,1743018291,0x495e6cf5a54532b2e82f01f0064c81cd0ce05a1dd4a1b4ed3bb9e8ea4832613d,NewSale
0x77B64511de56Ef10ccC3C256dfecD3951c8D4D3C,75837,0xbc2d6E7c81E7f35473b3594031FCC4c519fD24Ad,0,0x41dde2765f480391efd728f9b251cc4cb49b0c91,1,210000000000000,12057614,140578,4941800,1743018351,0x128dd8a91783997d3b28faf4209863c68c5c266257957d3a4fd7c6d3d74f5bbc,NewSale
0x77B64511de56Ef10ccC3C256dfecD3951c8D4D3C,75839,0xbc2d6E7c81E7f35473b3594031FCC4c519fD24Ad,0,0x3aceb77bf88c3a92079baa8db3ddb172e3636bb7,1,200000000000000,12190000,140578,4941807,1743018365,0x0906b673488c65271e7481965cf95b8938f360b159e5ebae483db638d9c867d8,NewSale
0xe375e61d0c65a56475201286D32A0ADC6F12d6a6,75850,0xbc2d6E7c81E7f35473b3594031FCC4c519fD24Ad,0,0x49ce656c30d119d9b67147d367309730894e8b42,1,250000000000000,12017496,140578,4941815,1743018381,0xd45cff375a845f77bdd8c49daa5922a95f848d06bece5e9a05f91114417ae635,NewSale
0x41dDe2765f480391eFd728F9b251cc4cB49B0C91,75841,0xbc2d6E7c81E7f35473b3594031FCC4c519fD24Ad,0,0x154188ffd9756d6e1d3f6fe2acb7a570f0a01692,1,240000000000000,12017422,140566,4941821,1743018393,0xb8250ebbaacc3d06332d0b2e76e4720aaa2c5985b871cbac296157c1dc27b206,NewSale
0xbA95b4a5B130C4c1d27dc9e8adcf7f087CDB4c52,75670,0x26eA0a7Bd0e3feBc7Cd919Ab46e17b47cb01Cc04,122,0xff7116560005a341f809bb6405260bbb0f2a1b45,1,500000000000000,12478885,154778,4941827,1743018405,0x83b2f7b979a02e8794d4866e3230604197677f0e7e0da87020781d1b602653c8,NewSale
0x5E04dD9Da1F3b83Eb2EBBAbFC475AEb093C27DFc,75823,0xbc2d6E7c81E7f35473b3594031FCC4c519fD24Ad,1,0xe375e61d0c65a56475201286d32a0adc6f12d6a6,1,250000000000000,22965048,135778,4941829,1743018409,0x76d6b12bb316046270947c70624a034571a2b74a8d5d6316303e28a4263ed993,NewSale
0x77B64511de56Ef10ccC3C256dfecD3951c8D4D3C,75842,0xbc2d6E7c81E7f35473b3594031FCC4c519fD24Ad,0,0x154188ffd9756d6e1d3f6fe2acb7a570f0a01692,1,200000000000000,11999634,140578,4941841,1743018433,0xc2135c2ea4c27c7eff68aa723e4beaf653187ff0fbc4ffb92b544e425f386a8d,NewSale
0xff7c271c30d83552f7f28aF93399E3DF739e510B,75846,0xbc2d6E7c81E7f35473b3594031FCC4c519fD24Ad,0,0x154188ffd9756d6e1d3f6fe2acb7a570f0a01692,1,200000000000000,12003127,135778,4941861,1743018473,0xff32093abfac242652760aa37aa8b2bc28911fe7ac7a2a5ff66aeb65767874d8,NewSale
0x77B64511de56Ef10ccC3C256dfecD3951c8D4D3C,75844,0xbc2d6E7c81E7f35473b3594031FCC4c519fD24Ad,0,0x41dde2765f480391efd728f9b251cc4cb49b0c91,1,220000000000000,12097173,140578,4941867,1743018485,0x9fba6efe9a96210cac52d5f73274f29ee2f6f97559e9d8160f957a42d6a703f7,NewSale
0xC0DEc165A5d6e6766Fbc35c977f89535899D0411,74893,0xbc2d6E7c81E7f35473b3594031FCC4c519fD24Ad,0,0x41dde2765f480391efd728f9b251cc4cb49b0c91,1,249999990000000,12127267,142201,4941880,1743018511,0x16a098d051c28b5eddfe12ce8878fc09b32f1178ad28f83808232ba26aee5286,NewSale
0x77B64511de56Ef10ccC3C256dfecD3951c8D4D3C,75845,0xbc2d6E7c81E7f35473b3594031FCC4c519fD24Ad,0,0x154188ffd9756d6e1d3f6fe2acb7a570f0a01692,1,200000000000000,12001693,135778,4941882,1743018515,0x822070e85bd32e8b3a009b5d61855bc602251b5b046043aa18330cfe0f48e330,NewSale
0x1f427a6C57ca9b0c9121ad1A6125cfC88E9A7b22,75781,0xbc2d6E7c81E7f35473b3594031FCC4c519fD24Ad,1,0x154188ffd9756d6e1d3f6fe2acb7a570f0a01692,1,250000000000000,11946696,152878,4941903,1743018557,0x5373ffc2fcc85087bad64bca763fd31b2d7de53af6ab43dd79ea20a97d04b8dc,NewSale
0x1174f081468E4339d11D7914c44dD735d555d2Df,75810,0xbc2d6E7c81E7f35473b3594031FCC4c519fD24Ad,0,0xff7c271c30d83552f7f28af93399e3df739e510b,1,240000000000000,12430000,152866,4941909,1743018569,0xa8a96abfa53c62a591807837998add39f9dc951d31caa62a07d7e81dd9bd1e05,NewSale
0x9524a17F6eC9fB9ccc74a3292145e03fCc08A1DA,75788,0xbc2d6E7c81E7f35473b3594031FCC4c519fD24Ad,1,0x154188ffd9756d6e1d3f6fe2acb7a570f0a01692,1,250000000000000,11948388,135778,4941924,1743018599,0x07a6155375d767b563b270c39c5e91d5bedcadbfb09251b9f466bb77ea7ecd96,NewSale
0xe34CF2116c29DfF3e9f1a1909189AF5Fc2153342,75805,0xbc2d6E7c81E7f35473b3594031FCC4c519fD24Ad,1,0xff7c271c30d83552f7f28af93399e3df739e510b,1,259000000000000,12420000,152878,4941927,1743018605,0xfd3acb97f89b20452469139baa638490087e8420ed609122768004dba640795d,NewSale
0x01f1A7A902755b7E7AF2CF483ae521D92779f618,75794,0xbc2d6E7c81E7f35473b3594031FCC4c519fD24Ad,1,0x154188ffd9756d6e1d3f6fe2acb7a570f0a01692,1,250000000000000,12021391,135778,4941943,1743018637,0xcd7ccb8937710d030388426f771704e0004c8d78226b8be2b54054ca6ab18475,NewSale
0x934FC6298995f106a307C09b2280589c663A8623,75705,0xbc2d6E7c81E7f35473b3594031FCC4c519fD24Ad,1,0xff7c271c30d83552f7f28af93399e3df739e510b,1,259000000000000,12430000,135778,4941945,1743018641,0x4193299705d7f5511160ef0512ee1269437c38052b09f497d9652395bc38a864,NewSale
0xe742545A4415fb6187B115Bd6B20c44D7393A365,75847,0xdc0F91C5a4D200FfC21658901c77c0fE1A14d199,0,0x7e05389332c929778c8807ddb3b896190da36d7e,1,640000000000000,12560000,145371,4941951,1743018653,0x5d9ce26b0fb5e4234f0697733f6b8f30293f7e6e51a866e8b94ebf371368e755,NewSale
0x05FD24c9E0C09359Fe90f8BA198C48Fd29A65E5a,75725,0xbc2d6E7c81E7f35473b3594031FCC4c519fD24Ad,0,0x154188ffd9756d6e1d3f6fe2acb7a570f0a01692,1,250000000000000,12035576,135778,4941961,1743018673,0x340d9847446d0719ef38f229d503a78f2eeac58d521d9ff7bda5c1ecb887bce6,NewSale
0xaB9F4398C692a5bA39Be6e7b0146D298325E05Cc,75771,0xbc2d6E7c81E7f35473b3594031FCC4c519fD24Ad,1,0x154188ffd9756d6e1d3f6fe2acb7a570f0a01692,1,250000000000000,12153539,135778,4941982,1743018715,0x74d3d3af2aee45b411104aa7cd54137b11e241231937115e49fbbd6a68bd6557,NewSale
0x5f14c0FFEA93bc9d9be7D170127eCDBBD46B74Ee,75798,0xbc2d6E7c81E7f35473b3594031FCC4c519fD24Ad,1,0x154188ffd9756d6e1d3f6fe2acb7a570f0a01692,1,250000000000000,12177832,135778,4942002,1743018755,0x8bc50eab5c115fdd87e60976103cfba3754ec10b7453e36e30fb981b8ad32e8f,NewSale
0xff7c271c30d83552f7f28aF93399E3DF739e510B,75849,0xbc2d6E7c81E7f35473b3594031FCC4c519fD24Ad,0,0x5cc7a4ff3713aeb55e64b803cdc7a4db4af9a273,1,200000000000000,12292977,135778,4942005,1743018761,0x448f0891cc6049cef37e87826242968ef6d1fc3979d1189f7d3708e63ef1e581,NewSale
0x41dDe2765f480391eFd728F9b251cc4cB49B0C91,75854,0xbc2d6E7c81E7f35473b3594031FCC4c519fD24Ad,0,0x154188ffd9756d6e1d3f6fe2acb7a570f0a01692,1,230000000000000,12246204,140578,4942022,1743018795,0x0e72138928495ebc5d3dc5f76836c2c941f96ea3f6a39cabf1ed9d0f1f02cc50,NewSale
0x41dDe2765f480391eFd728F9b251cc4cB49B0C91,75858,0xbc2d6E7c81E7f35473b3594031FCC4c519fD24Ad,0,0x154188ffd9756d6e1d3f6fe2acb7a570f0a01692,1,220000000000000,12290409,140578,4942040,1743018831,0xfdbcf74144194f6c9649f0a8adda0e6668bcd0b9aea9c9789138768cf25188bc,NewSale
0xff7c271c30d83552f7f28aF93399E3DF739e510B,75859,0xbc2d6E7c81E7f35473b3594031FCC4c519fD24Ad,1,0x3aceb77bf88c3a92079baa8db3ddb172e3636bb7,1,200000000000000,12540000,157678,4942044,1743018839,0x85bd2771481e950dc1e7e1800354f66fcb9ba26cfc1e943b524897fd64e5c1e8,NewSale
0x446dED6b680Fb337E9A4d9cAf3A21E89A7457981,75267,0xdc0F91C5a4D200FfC21658901c77c0fE1A14d199,0,0x6a07bca6427a4ff1bdf2e4fbea5c43b846acce36,1,650000000000000,12434017,145383,4942047,1743018845,0xac87570b9b98d29843ee71bec481cfbc412fdb15e231bad4a94632597fb816f3,NewSale
0xde4CA30765D94d5Ce976a4FC91a6B0B730C7b0f3,75860,0xbc2d6E7c81E7f35473b3594031FCC4c519fD24Ad,0,0x3aceb77bf88c3a92079baa8db3ddb172e3636bb7,1,220000000000000,12540000,140578,4942067,1743018885,0xc12ab2342d05ca407defebdf3ec62fd5f3b2eb873d82df309e5f5c6d19b024de,NewSale
0xebbe05F721b2aeb233A13d612A2f88129598fe4C,75873,0xdc0F91C5a4D200FfC21658901c77c0fE1A14d199,0,0x003e640e2d54c0142ee8b83faf7e529db98df592,1,190000000000000,13955290,162459,4942279,1743019309,0x41e579c6ee45a3374e02a2c7132346d6f68a1dfd27d785e61268eec1d1116784,NewSale
0xde4CA30765D94d5Ce976a4FC91a6B0B730C7b0f3,75869,0xbc2d6E7c81E7f35473b3594031FCC4c519fD24Ad,0,0x80974c1dba9aa242b4acb7078ba1536a90314dc6,1,220000000000000,13987667,140578,4942411,1743019573,0x081b724873316e195eeabbb545c91453fde9e92bdc0a62b9422785fa871db755,NewSale
0x1b69582EA3F507Df7d723c66Eb0283fF2312A228,75874,0xdc0F91C5a4D200FfC21658901c77c0fE1A14d199,0,0x6bc56ffc2b106c477c59072b1db5a3684afc2c07,1,638000000000000,13924629,150183,4942524,1743019799,0x41fd3894492a1c33f230334066b55bd6461d48bbac1218436eff12f0249f7e13,NewSale
0xff7c271c30d83552f7f28aF93399E3DF739e510B,75862,0xbc2d6E7c81E7f35473b3594031FCC4c519fD24Ad,1,0x80974c1dba9aa242b4acb7078ba1536a90314dc6,1,200000000000000,13568225,135778,4942571,1743019893,0xc906dbb7f8ecf28763c5540fabe1a990598d1428a7060254c4e26b48e69d4b0e,NewSale
0x0F8a2298Bb31e3399083b398f945fE1Bb1DEEbeb,75882,0xbc2d6E7c81E7f35473b3594031FCC4c519fD24Ad,0,0x003e640e2d54c0142ee8b83faf7e529db98df592,1,220000000000000,14045181,140566,4942577,1743019905,0x11f29acbbc8c20a1851da386786c7a5404273e262662808d1543704b00ab559c,NewSale
0xde4CA30765D94d5Ce976a4FC91a6B0B730C7b0f3,75861,0xbc2d6E7c81E7f35473b3594031FCC4c519fD24Ad,1,0x80974c1dba9aa242b4acb7078ba1536a90314dc6,1,220000000000000,13552286,140578,4942589,1743019929,0xd606ebd58f889963c2a5cedd7b41a94dd1ebdeba3b41248531092aa367eacba1,NewSale
0x1b69582EA3F507Df7d723c66Eb0283fF2312A228,75871,0xdc0F91C5a4D200FfC21658901c77c0fE1A14d199,0,0x3d46d859d14441f649c4c6c5406b5921fc44ed25,1,640000000000000,14045574,150171,4942602,1743019955,0xf84c020dea1ea16c8f5c653c2c748f221efc3419339b1033361b468e3eac89dd,NewSale
0xde4CA30765D94d5Ce976a4FC91a6B0B730C7b0f3,75900,0xbc2d6E7c81E7f35473b3594031FCC4c519fD24Ad,0,0x80974c1dba9aa242b4acb7078ba1536a90314dc6,1,220000000000000,13547554,140578,4942608,1743019967,0xcf03f09d65c3d303179d580dddd7ce4fb56c7cd64273f520717b73b91227bd68,NewSale
0x41dDe2765f480391eFd728F9b251cc4cB49B0C91,75856,0xbc2d6E7c81E7f35473b3594031FCC4c519fD24Ad,0,0x80974c1dba9aa242b4acb7078ba1536a90314dc6,1,230000000000000,13529013,140578,4942629,1743020009,0xd2b99df36e3cb0b625e23edb73dab5e6c591cad471c8081a2c95cf54e435e995,NewSale
0x5025e44f2eE07f059387841f3dDDe7c7A9d93Bf5,75907,0xbc2d6E7c81E7f35473b3594031FCC4c519fD24Ad,1,0x80974c1dba9aa242b4acb7078ba1536a90314dc6,1,220000000000000,13534402,135778,4942648,1743020047,0xa4fedf1ffae35f8f3485313ffc12fc9f1c26ebf602a97a10fc8f0e5143dbf85d,NewSale
0x7941001d4AE308992f176f21BaF7fB730B3cac49,75806,0xbc2d6E7c81E7f35473b3594031FCC4c519fD24Ad,1,0x80974c1dba9aa242b4acb7078ba1536a90314dc6,1,250000000000000,13426143,135778,4942668,1743020087,0xa844224cf4e7c5def963039539905b9aefb5ebec80497cb1a063b497bf49d553,NewSale
0xde4CA30765D94d5Ce976a4FC91a6B0B730C7b0f3,75870,0xbc2d6E7c81E7f35473b3594031FCC4c519fD24Ad,1,0x07064128ef444f07cda9707764cfcf93eb2c1857,1,220000000000000,13726611,157678,4942692,1743020135,0x9b56d20ee744d4aaa18791ef1d84e8b6aaf7a2489395f4127c7c1b745ad412c0,NewSale
0xf2752b8072233aa9927a7A91B3Ac21e62a24372F,75894,0xbc2d6E7c81E7f35473b3594031FCC4c519fD24Ad,1,0xff7116560005a341f809bb6405260bbb0f2a1b45,1,250000000000000,13695060,152866,4942698,1743020147,0x810be013798f46b50e8aed2e2ef1d0dcb1a4afd39686207fb733c49b5d0080f0,NewSale
0xC93be2193F27C4cd4a0d94cDb76eD96f8dE632fc,75888,0xbc2d6E7c81E7f35473b3594031FCC4c519fD24Ad,1,0x003e640e2d54c0142ee8b83faf7e529db98df592,1,250000000000000,13323123,152866,4942709,1743020169,0xe388135530632620d1f915678b81c6f09b83a578cabb6b27ba0a52f6b4c52ab8,NewSale
0xE951D6Ed0f9d9F4898bae91960Ed640698fb233A,75892,0xbc2d6E7c81E7f35473b3594031FCC4c519fD24Ad,1,0x862f088f9d0794ef021c03fc5ebe198308da9b51,1,220000000000000,13460000,140578,4942710,1743020171,0x113607d8da2a1e22b4ea60cf0b5f33814bf09489347a868a425b6a2bffac67f7,NewSale
0x0F8a2298Bb31e3399083b398f945fE1Bb1DEEbeb,75883,0xbc2d6E7c81E7f35473b3594031FCC4c519fD24Ad,1,0x07064128ef444f07cda9707764cfcf93eb2c1857,1,220000000000000,13511165,140578,4942720,1743020191,0x749073410feef8428f0e91a1b2a85d3e4331b3fbe2d23f3786ffc5aa4c6e75ef,NewSale
0xdaCfebcF8a5092c00dfC63c29EA5095832393978,75912,0xbc2d6E7c81E7f35473b3594031FCC4c519fD24Ad,1,0x862f088f9d0794ef021c03fc5ebe198308da9b51,1,220000000000000,13310000,135778,4942732,1743020215,0x24812350450e3857c29d77eab538db7c0b2eed51d3456c89d88ade23d945937f,NewSale
0xE951D6Ed0f9d9F4898bae91960Ed640698fb233A,75893,0xbc2d6E7c81E7f35473b3594031FCC4c519fD24Ad,0,0x07064128ef444f07cda9707764cfcf93eb2c1857,1,220000000000000,24602255,140578,4942747,1743020245,0x29671612bde9fdb3380abde880651eb9e310158e5cd8d0c77dab7b04eca79d0e,NewSale
0xC82B524481674DdE130Ac51BF83e708A3E2C9e12,75916,0xbc2d6E7c81E7f35473b3594031FCC4c519fD24Ad,1,0x862f088f9d0794ef021c03fc5ebe198308da9b51,1,220000000000000,13030000,135778,4942750,1743020251,0x85afd6bcbdbccff013a9cc9973420e53f7f378e50fb6547f27c5c6ec41f0d446,NewSale
0x37C9a72f7699dF5270a8C409411391F2df0EcC94,75639,0x02e21A25F0038fa5BDEe9c0b77aC0c1E84d3d6f0,1876,0xb8d849397fca5b1284dc7bc67dc56aaf02eae225,1,400000000000000,12844143,155246,4942757,1743020265,0x125abd5a14a390aa504a68df57b2f7e1c0abf106c733a86b678a1069aa28b9fd,NewSale
0xde4CA30765D94d5Ce976a4FC91a6B0B730C7b0f3,75901,0xbc2d6E7c81E7f35473b3594031FCC4c519fD24Ad,1,0x862f088f9d0794ef021c03fc5ebe198308da9b51,1,220000000000000,13260000,140578,4942766,1743020283,0xb85d0564028eaa2fb40205cefa50f8337171f342d6d7aeb6d1d5484a0358b0df,NewSale
0xde4CA30765D94d5Ce976a4FC91a6B0B730C7b0f3,75919,0xbc2d6E7c81E7f35473b3594031FCC4c519fD24Ad,1,0x862f088f9d0794ef021c03fc5ebe198308da9b51,1,220000000000000,12960000,135778,4942782,1743020315,0x257a9c91822646120561219505feb8c2a7dc42f0659924eef90d3cc99041d08d,NewSale
0xde4CA30765D94d5Ce976a4FC91a6B0B730C7b0f3,75918,0xbc2d6E7c81E7f35473b3594031FCC4c519fD24Ad,0,0x07064128ef444f07cda9707764cfcf93eb2c1857,1,220000000000000,24299794,140578,4942788,1743020327,0x1c0288feafd805b4b4f1068e134c1ecec8ba49b8f21a3073042cd427aa47cdf7,NewSale
0xA1E8c33c093B136cdC4Cb98251396f96613B98a4,75920,0xbc2d6E7c81E7f35473b3594031FCC4c519fD24Ad,1,0x862f088f9d0794ef021c03fc5ebe198308da9b51,1,220000000000000,12960000,135778,4942799,1743020349,0xbcc3931811d0f5ca1ede7feefc83b34b13a236a135aab33222431f554605b454,NewSale
0x456A3eced46d948B2f96bdDEf73959400175bE0A,75922,0xbc2d6E7c81E7f35473b3594031FCC4c519fD24Ad,1,0x07064128ef444f07cda9707764cfcf93eb2c1857,1,220000000000000,23888794,135778,4942815,1743020381,0x2254b07d7c3ac846e6164abf38407ba8eb16d5694fc862bc2d5a98906eff0b4e,NewSale
0xd2874C1748886EC5D3eDD937260dBA951E91254a,75804,0xbc2d6E7c81E7f35473b3594031FCC4c519fD24Ad,1,0x2ed7ef6fa65cdac11c9abdaf14859590a5c6dd8b,1,250000000000000,23708722,135778,4942830,1743020411,0x8445f27a23c879df87b4fb2dabffdaf76cf8d8babc19456280c17f0c9149812b,NewSale
0x0F8a2298Bb31e3399083b398f945fE1Bb1DEEbeb,75923,0xbc2d6E7c81E7f35473b3594031FCC4c519fD24Ad,0,0x862f088f9d0794ef021c03fc5ebe198308da9b51,1,220000000000000,12960000,140578,4942831,1743020413,0xf9dfd3e3d3080aafa7a439fcd36d509dac3670a0b93e8e6baa3b9097a533ccaf,NewSale
0x41dDe2765f480391eFd728F9b251cc4cB49B0C91,75855,0xbc2d6E7c81E7f35473b3594031FCC4c519fD24Ad,0,0x07064128ef444f07cda9707764cfcf93eb2c1857,1,230000000000000,12866582,135778,4942838,1743020427,0x5562faddc0a1846617ea581b24b7523a30d638dd3cd7922619ea55778c916512,NewSale
0x03EfF6faf21ca396f96b23681F23F514Eb1D1B30,75926,0xbc2d6E7c81E7f35473b3594031FCC4c519fD24Ad,1,0x862f088f9d0794ef021c03fc5ebe198308da9b51,1,220000000000000,12900000,135778,4942845,1743020441,0xeb776b8c1db25fb4b5f8f738aea548b3030e3d0df1a13be3bac1e65c6d2b3035,NewSale
0x1b69582EA3F507Df7d723c66Eb0283fF2312A228,75877,0xdc0F91C5a4D200FfC21658901c77c0fE1A14d199,0,0xe900b82cb7a266c28330293e0e9f6b4629985714,1,640000000000000,12192803,150159,4942849,1743020449,0x3b4ed1e7fe9b59c79da76772dc109f5b826d7a270d67a1023ec3ae90deeacf04,NewSale
0x0F8a2298Bb31e3399083b398f945fE1Bb1DEEbeb,75924,0xbc2d6E7c81E7f35473b3594031FCC4c519fD24Ad,1,0x96f64008ac69d03c02999f97292764111ce3ccfd,1,220000000000000,23147853,157678,4942856,1743020463,0xf04d42cfb95ae938ecec6b98692860e74bd48b44b2d54409efc8e95bfd07f301,NewSale
0xE951D6Ed0f9d9F4898bae91960Ed640698fb233A,75927,0xbc2d6E7c81E7f35473b3594031FCC4c519fD24Ad,1,0x2ed7ef6fa65cdac11c9abdaf14859590a5c6dd8b,1,230000000000000,23063486,140578,4942864,1743020479,0x2e0efbfb40e5e5c2890b5ea912a258498525d2f52af070f753763682b93f1e04,NewSale
0xC0DEc165A5d6e6766Fbc35c977f89535899D0411,74893,0xbc2d6E7c81E7f35473b3594031FCC4c519fD24Ad,0,0xd415b0cc965b84e460fd7e4af58e8efb15c76607,1,249999990000000,11943118,142201,4942884,1743020519,0x0d389ef6207c60cc9e39f5fe7f7d6af85b1c20b4e2855a15e9d433fdb2c8b970,NewSale
0x64f7C019021aC74A68D90D08491Ca43b2a632E71,74642,0xbc2d6E7c81E7f35473b3594031FCC4c519fD24Ad,1,0x301714438abd4d6d09adcb39ac52f1712374bb92,1,15200000000000000000,14000000,182154,4942903,1743020557,0xb3fc323ab80321971065fa666412770380ebb22e23e5a15031fe06aed8fc5924,NewSale
0xE951D6Ed0f9d9F4898bae91960Ed640698fb233A,75928,0xbc2d6E7c81E7f35473b3594031FCC4c519fD24Ad,0,0x2ed7ef6fa65cdac11c9abdaf14859590a5c6dd8b,1,230000000000000,12179522,140578,4942909,1743020569,0x3104a51a5c57e65fa6bc9f5ce1ee49cf52a7df18379bdff12508a46d459aaca0,NewSale
0x0F8a2298Bb31e3399083b398f945fE1Bb1DEEbeb,75932,0xbc2d6E7c81E7f35473b3594031FCC4c519fD24Ad,0,0xee014dd74745a7e0aae2878bb3a40db7de1596be,1,230000000000000,12060000,135778,4942914,1743020579,0xca1cefd381a1c8cb70a7d31660e1b660fb357111616719664c1b636234553aad,NewSale
0xa79582907c708503eA4A5b94d99900878508acc0,75802,0xbc2d6E7c81E7f35473b3594031FCC4c519fD24Ad,1,0x96f64008ac69d03c02999f97292764111ce3ccfd,1,250000000000000,12090361,135778,4942923,1743020597,0xefff1190201867d5b36ea2fa5ea616374380867bd0626694f13a03924898a1de,NewSale
0x64f7C019021aC74A68D90D08491Ca43b2a632E71,74642,0xbc2d6E7c81E7f35473b3594031FCC4c519fD24Ad,1,0x301714438abd4d6d09adcb39ac52f1712374bb92,1,15200000000000000000,14000000,165054,4942924,1743020599,0xad53188936a444d2b52e559bb3fcd6ca6ac83d05eb823ca051ed1d2f00c4c6d8,NewSale
0x52AbeB15a963D8ddBd83501b18559a547f44ddF9,75531,0xbc2d6E7c81E7f35473b3594031FCC4c519fD24Ad,1,0x301714438abd4d6d09adcb39ac52f1712374bb92,1,15200000000000000000,14000000,158643,4942944,1743020639,0x384d4ca04b76ac539e5d614d947853d8a4e0803dd80a809a12f9fe9f3b348048,NewSale
0xAd0FE54468f16a676e869FdAd3B12c9eAc0F8E09,75897,0xbc2d6E7c81E7f35473b3594031FCC4c519fD24Ad,1,0x8d2653a6380378b2bd897f763c3df6c51083e13b,1,250000000000000,11830000,152878,4942946,1743020643,0x9047278801e85df31ba5ad068d7830d632fda0d8e6a68f8a6a49aa94321bbebc,NewSale
0xde4CA30765D94d5Ce976a4FC91a6B0B730C7b0f3,75939,0xbc2d6E7c81E7f35473b3594031FCC4c519fD24Ad,0,0x96f64008ac69d03c02999f97292764111ce3ccfd,1,230000000000000,11897695,140578,4942948,1743020647,0xc8531edb0d01fce3e210f8e64f76717c4acc4317e11a93f96e938055b3b27961,NewSale
0x80fe121B69163E17bd4e9CC573652e29E48fa4ae,72580,0xbc2d6E7c81E7f35473b3594031FCC4c519fD24Ad,0,0x301714438abd4d6d09adcb39ac52f1712374bb92,1,20000000000000000000,14000000,165066,4942960,1743020671,0xaf629b3fc199febf862db7a7066c17b15c20fed0fc30bb4d59e93ee539ab969e,NewSale
0x6Ce2D7c60502D453dFC26e76Ea3e853F5e711E26,75931,0xbc2d6E7c81E7f35473b3594031FCC4c519fD24Ad,1,0x96f64008ac69d03c02999f97292764111ce3ccfd,1,220000000000000,11675248,135778,4942973,1743020697,0xf9208976bbc77e972b797942aee04cf4ee3212342294e85552f656b29c600629,NewSale
0xbAa9672503be4067CCc6eBB08BEe52af3e0b3b4C,75936,0x2Bf46D4497e98FbA2304B0d2453922FFf559Ea02,60,0x3ff5c552d55ec4107c6d3062368f53863acc24e2,1,599900000000000,11400000,164783,4942973,1743020697,0x768f021ccbbd645d415d3f80e5d5486f6b6e57a2818bbff404ea2d0a242fdb61,NewSale
0x2703890580396A27C97f6e4A617557812B3EFE52,75807,0xbc2d6E7c81E7f35473b3594031FCC4c519fD24Ad,1,0x2ed7ef6fa65cdac11c9abdaf14859590a5c6dd8b,1,250000000000000,11619240,135778,4942983,1743020717,0xbd949a8ed040f7bd0ed7d7d59f29d0da1e19ecfebbc606da1cb009d9a84c0e0c,NewSale
0x64f7C019021aC74A68D90D08491Ca43b2a632E71,74642,0xbc2d6E7c81E7f35473b3594031FCC4c519fD24Ad,1,0x301714438abd4d6d09adcb39ac52f1712374bb92,1,15200000000000000000,14000000,165054,4942990,1743020731,0x2058580b80c6cf53135de70d79206a3518073565af7b14cda732b3d600d16412,NewSale
0x0F8a2298Bb31e3399083b398f945fE1Bb1DEEbeb,75933,0xbc2d6E7c81E7f35473b3594031FCC4c519fD24Ad,1,0xb23da1d502daf0dd1688831f5f0f8d050378777a,1,230000000000000,11130000,157678,4942997,1743020745,0x2165e4c7e627e484c2736980a58ff00cd57cf89a3d67d6d6a3bb4ec68873aba4,NewSale
0x80fe121B69163E17bd4e9CC573652e29E48fa4ae,72580,0xbc2d6E7c81E7f35473b3594031FCC4c519fD24Ad,0,0x301714438abd4d6d09adcb39ac52f1712374bb92,1,20000000000000000000,14000000,165066,4943004,1743020759,0x97fa1f7c75eeb72e8ec61834d97a342f5040ddc8cddf775f3f7bab907f15144b,NewSale
0x774Cc6514993D4A2CBEDaA13E1594e70A87f6F00,75795,0xbc2d6E7c81E7f35473b3594031FCC4c519fD24Ad,1,0x2ed7ef6fa65cdac11c9abdaf14859590a5c6dd8b,1,259000000000000,11083363,135778,4943011,1743020773,0xb16ca75d799ef6286c8e2c02092d1c22e79b87b6374d9ad1bf17baebe365300a,NewSale
0xde4CA30765D94d5Ce976a4FC91a6B0B730C7b0f3,75948,0xbc2d6E7c81E7f35473b3594031FCC4c519fD24Ad,0,0xb23da1d502daf0dd1688831f5f0f8d050378777a,1,230000000000000,11050000,140578,4943016,1743020783,0x46c91ce696aa70e18b83d88d069d7f3e0d99dcd516918f8f7955b57010c70683,NewSale
0x64f7C019021aC74A68D90D08491Ca43b2a632E71,74642,0xbc2d6E7c81E7f35473b3594031FCC4c519fD24Ad,1,0x301714438abd4d6d09adcb39ac52f1712374bb92,1,15200000000000000000,14000000,165054,4943020,1743020791,0x4c6e65f337660a1377d91e20a45dc68ccb5125750266c9df6d626c2f80e03f1a,NewSale
0xE951D6Ed0f9d9F4898bae91960Ed640698fb233A,75955,0xbc2d6E7c81E7f35473b3594031FCC4c519fD24Ad,0,0xb23da1d502daf0dd1688831f5f0f8d050378777a,1,230000000000000,10960000,135778,4943035,1743020821,0xbefb8dfd7a2e335fa9a2714651c2e3a0917482f16c52975eb72d9c7df36ec937,NewSale
0x80fe121B69163E17bd4e9CC573652e29E48fa4ae,72580,0xbc2d6E7c81E7f35473b3594031FCC4c519fD24Ad,0,0x301714438abd4d6d09adcb39ac52f1712374bb92,1,20000000000000000000,14000000,165066,4943038,1743020827,0x2fab5c84f02a9c58a6ffb5c515af9c0273e56c325012ab7a137a0894880e7ac9,NewSale
0xE951D6Ed0f9d9F4898bae91960Ed640698fb233A,75954,0xbc2d6E7c81E7f35473b3594031FCC4c519fD24Ad,1,0x2ed7ef6fa65cdac11c9abdaf14859590a5c6dd8b,1,230000000000000,10940770,140578,4943043,1743020837,0x97651ab11323650d3248bd81e19ae98772df6ec73c6e26b19db175acbb25efed,NewSale
0x80CF0C248A7A94875fF5A000209694A81E074273,75814,0xbc2d6E7c81E7f35473b3594031FCC4c519fD24Ad,1,0xee014dd74745a7e0aae2878bb3a40db7de1596be,1,250000000000000,10930000,152878,4943047,1743020845,0xc39733f02883ad43b9b4749a7213cfb7ad465e252e663355a947aa55fa771620,NewSale
0x64f7C019021aC74A68D90D08491Ca43b2a632E71,74642,0xbc2d6E7c81E7f35473b3594031FCC4c519fD24Ad,1,0x301714438abd4d6d09adcb39ac52f1712374bb92,1,15200000000000000000,14000000,158643,4943052,1743020855,0x11119676c9d168286ee7fd897e4bafc726259fcec0e031f24676b8949d12b4db,NewSale
0xC0DEc165A5d6e6766Fbc35c977f89535899D0411,74893,0xbc2d6E7c81E7f35473b3594031FCC4c519fD24Ad,0,0x93a2c6a08434b82fd31dd4c42f834a58c1693825,1,249999990000000,10809820,159301,4943052,1743020855,0x4f685246c38dd41db218c557b0b701b3d2ba8b94e18ae18e0bf2b5a02cf91a53,NewSale
0xC0DEc165A5d6e6766Fbc35c977f89535899D0411,74893,0xbc2d6E7c81E7f35473b3594031FCC4c519fD24Ad,0,0xb23da1d502daf0dd1688831f5f0f8d050378777a,1,249999990000000,10830000,142201,4943055,1743020861,0xbb0fbd8c35a64edaf2c33ba795f7dfff16f72fe36453616f783922ef83fabab5,NewSale
0x52AbeB15a963D8ddBd83501b18559a547f44ddF9,75717,0xbc2d6E7c81E7f35473b3594031FCC4c519fD24Ad,0,0x301714438abd4d6d09adcb39ac52f1712374bb92,1,20000000000000000000,14000000,158655,4943066,1743020883,0x90ba717680c83d6520d7ae194aafce421bd0d937267e7e350a156b6e25ddf193,NewSale
0xC0DEc165A5d6e6766Fbc35c977f89535899D0411,74893,0xbc2d6E7c81E7f35473b3594031FCC4c519fD24Ad,0,0x2ed7ef6fa65cdac11c9abdaf14859590a5c6dd8b,1,249999990000000,10842527,142201,4943068,1743020887,0xff3d406a3798d6f3b67b29ca45c3be43e027ce6afa3d54ff8be5eb195902adf4,NewSale
0xcC7f09F1c9d79439a0fbf0FEF6B63FF068Ec809b,75944,0xdc0F91C5a4D200FfC21658901c77c0fE1A14d199,0,0xb92a41b25a8dd959f8a2afda7c4714499b0551cf,1,630000000000000,10840903,167283,4943070,1743020891,0xd12c37614a11c6cb87f55c0da3ab7830b8b30e68c564d71f4f5c5cd7604befe8,NewSale
0x6907781B19248362a3341D529CC42b37d1724Ebc,75822,0xbc2d6E7c81E7f35473b3594031FCC4c519fD24Ad,1,0x93a2c6a08434b82fd31dd4c42f834a58c1693825,1,250000000000000,10742527,152878,4943072,1743020895,0x389eed523f8cfcef06d4f13a5e2157d5758e4cfa6af80890d51e551a3369e4b2,NewSale
0xC0DEc165A5d6e6766Fbc35c977f89535899D0411,74893,0xbc2d6E7c81E7f35473b3594031FCC4c519fD24Ad,0,0xb23da1d502daf0dd1688831f5f0f8d050378777a,1,249999990000000,10780000,142201,4943073,1743020897,0xf0c9a4fb2a752cf6fc6524266cef0d949e14b19da04b505e48f69aa32a838507,NewSale
0xcC7f09F1c9d79439a0fbf0FEF6B63FF068Ec809b,75946,0xdc0F91C5a4D200FfC21658901c77c0fE1A14d199,0,0xb92a41b25a8dd959f8a2afda7c4714499b0551cf,1,630000000000000,10795065,150183,4943081,1743020913,0x7e2d72cd1fbbc8fcfd70975a1522f0eed1518ae76e18eb204096cf622638b5ff,NewSale
0xC0DEc165A5d6e6766Fbc35c977f89535899D0411,74893,0xbc2d6E7c81E7f35473b3594031FCC4c519fD24Ad,0,0x92158dfe1be7821c3f0f1100203bb7ba90d64c3f,1,249999990000000,10769808,142189,4943085,1743020921,0xfe4f8a151fe2eee04ef023a3287afc21349edccaf8cdf3b1f9b25c6cd060e3a1,NewSale
0xC0DEc165A5d6e6766Fbc35c977f89535899D0411,74893,0xbc2d6E7c81E7f35473b3594031FCC4c519fD24Ad,0,0xd415b0cc965b84e460fd7e4af58e8efb15c76607,1,249999990000000,10775075,142201,4943086,1743020923,0x83707fcb2209ccef9dcd77710383a19dd838f24672c2048197c1e92ddf2bbf5d,NewSale
0x02a3d83198bA7dF6256bA68aDBa9de5FFaA0acc6,75644,0xbc2d6E7c81E7f35473b3594031FCC4c519fD24Ad,1,0x2ed7ef6fa65cdac11c9abdaf14859590a5c6dd8b,1,269000000000000,10713697,135778,4943097,1743020945,0xa5d5ea251d3d292b539ffdc047da247bdea9352dd4db04a02118d3990e91f679,NewSale
0xC0DEc165A5d6e6766Fbc35c977f89535899D0411,74893,0xbc2d6E7c81E7f35473b3594031FCC4c519fD24Ad,0,0x07064128ef444f07cda9707764cfcf93eb2c1857,1,249999990000000,10738183,142201,4943101,1743020953,0xe5fbfae0cafe00e21ceb1106b1f028ede627ebdc49b690a685e8f94210e93460,NewSale
0x0F8a2298Bb31e3399083b398f945fE1Bb1DEEbeb,75960,0xbc2d6E7c81E7f35473b3594031FCC4c519fD24Ad,1,0x92158dfe1be7821c3f0f1100203bb7ba90d64c3f,1,235000000000000,10705127,140566,4943109,1743020969,0xea81f03e5a882e43cc0619e9ed4a53adcbce8546a3087a6af18f15c4789972b9,NewSale
0x8A2C39382eBe839A08EC8d43Ac46D3874AA26A00,75881,0xbc2d6E7c81E7f35473b3594031FCC4c519fD24Ad,1,0xee014dd74745a7e0aae2878bb3a40db7de1596be,1,250000000000000,10710000,135778,4943111,1743020973,0x23d8c88163dad1bd3c065f8c0c91d4477a7fdf89a2a5406e4136a907a3ddeaf6,NewSale
0xe375e61d0c65a56475201286D32A0ADC6F12d6a6,75827,0xbc2d6E7c81E7f35473b3594031FCC4c519fD24Ad,1,0x2ed7ef6fa65cdac11c9abdaf14859590a5c6dd8b,1,250000000000000,10863323,140578,4943113,1743020977,0x0c7fd4b20757eb567a5d59bd68fd39a8c394245e6b85ef856df55f46ce2db735,NewSale
0xcC7f09F1c9d79439a0fbf0FEF6B63FF068Ec809b,75947,0xdc0F91C5a4D200FfC21658901c77c0fE1A14d199,0,0xb92a41b25a8dd959f8a2afda7c4714499b0551cf,1,630000000000000,10822847,150183,4943114,1743020979,0xb4dd6c68ec9ffbdc0c0799ca2386367a03ee671b7f5e70cad5553a6e3887675d,NewSale
0xC0DEc165A5d6e6766Fbc35c977f89535899D0411,74893,0xbc2d6E7c81E7f35473b3594031FCC4c519fD24Ad,0,0x92158dfe1be7821c3f0f1100203bb7ba90d64c3f,1,249999990000000,10785916,142189,4943127,1743021005,0x55c7cbd041259de0c18442f5d9f2dcd65cc9a88ee55bd94574528c34a4c7d047,NewSale
0xC0DEc165A5d6e6766Fbc35c977f89535899D0411,74893,0xbc2d6E7c81E7f35473b3594031FCC4c519fD24Ad,0,0x07064128ef444f07cda9707764cfcf93eb2c1857,1,249999990000000,10792053,142201,4943136,1743021023,0x03c21529a79b58812dea44317f41c1f4db3889b97e342a2b2622a65e10eb9697,NewSale
0x4bE4179cF6382BBE9c4D3757cF6f2D1a1df2f171,75891,0xbc2d6E7c81E7f35473b3594031FCC4c519fD24Ad,1,0xee014dd74745a7e0aae2878bb3a40db7de1596be,1,250000000000000,10740000,135778,4943141,1743021033,0x87d2d8bcafbf5519c81d8a242546708d9de1d6f3f4e9651574bde0cace4a46a2,NewSale
0xde4CA30765D94d5Ce976a4FC91a6B0B730C7b0f3,75966,0xbc2d6E7c81E7f35473b3594031FCC4c519fD24Ad,0,0x92158dfe1be7821c3f0f1100203bb7ba90d64c3f,1,240000000000000,10628274,140554,4943147,1743021045,0x18b9817d7076e6bbc02e34ffd7b966f6a927417978d6f821c105c36e058016a7,NewSale
0x93a2C6A08434b82fD31DD4C42F834A58C1693825,75971,0xbc2d6E7c81E7f35473b3594031FCC4c519fD24Ad,1,0x92158dfe1be7821c3f0f1100203bb7ba90d64c3f,1,240000000000000,10723923,135754,4943165,1743021081,0x2d7be9c975c270e12a2871bb9774298d98d16dfc98ac453728c4396b119d0f6e,NewSale
0xeF0Ef28b882d166B732d00A01Ea762B9CCd3FE44,75965,0xbc2d6E7c81E7f35473b3594031FCC4c519fD24Ad,1,0xbcae1c8f9d10397243414b3674511db10eb8055b,1,245000000000000,10732841,159289,4943166,1743021083,0x39bd2468b253bed15d38f0316ec1ce7f10a7e086d57a7efd92a76998f8c91e21,NewSale
0xeF0Ef28b882d166B732d00A01Ea762B9CCd3FE44,75965,0xbc2d6E7c81E7f35473b3594031FCC4c519fD24Ad,1,0xbcae1c8f9d10397243414b3674511db10eb8055b,1,245000000000000,10790449,142189,4943181,1743021113,0xc80c3579c669a7ceb9626e0177d4e0fa8790cb448a2fe72edadde5a20a5e9d71,NewSale
0xE951D6Ed0f9d9F4898bae91960Ed640698fb233A,75979,0xbc2d6E7c81E7f35473b3594031FCC4c519fD24Ad,1,0xbcae1c8f9d10397243414b3674511db10eb8055b,1,230000000000000,10785729,140578,4943196,1743021143,0xcefaf37a8728827fbce6bd8b1e3cf3cd0a0be1e52a179ffb480852d32c4e0309,NewSale
0xB23DA1D502DaF0dd1688831F5f0F8D050378777A,75982,0xbc2d6E7c81E7f35473b3594031FCC4c519fD24Ad,0,0xbcae1c8f9d10397243414b3674511db10eb8055b,1,200000000000000,10941280,140578,4943214,1743021179,0x4a0433676a6fef8204ee6f8ba164752bbae64eba07e130d3607ffc60484246ac,NewSale
0x5037ec1560AA918e8f9E2405D8590F8Fd3BA6658,75981,0xbc2d6E7c81E7f35473b3594031FCC4c519fD24Ad,0,0x003e640e2d54c0142ee8b83faf7e529db98df592,1,274900000000000,10942679,140566,4943217,1743021185,0x88c29efde1e3ef44c8a744c7039d8997e5cba17ba4b34c351ca338267411105e,NewSale
0xB23DA1D502DaF0dd1688831F5f0F8D050378777A,75977,0xbc2d6E7c81E7f35473b3594031FCC4c519fD24Ad,1,0xbcae1c8f9d10397243414b3674511db10eb8055b,1,230000000000000,10918180,135778,4943228,1743021207,0x858fc4ce0ccf74e5cd4b6c3dbf4b77ad54c62be93272d431c0ec1cda52463d13,NewSale
0xcC7f09F1c9d79439a0fbf0FEF6B63FF068Ec809b,75950,0xdc0F91C5a4D200FfC21658901c77c0fE1A14d199,0,0xb92a41b25a8dd959f8a2afda7c4714499b0551cf,1,630000000000000,10948961,150183,4943230,1743021211,0x680cfaf1d4c17f2c6234b1f4a15e909f184c900c5a96d75085ed393ce3040ea3,NewSale
0xB23DA1D502DaF0dd1688831F5f0F8D050378777A,75980,0xbc2d6E7c81E7f35473b3594031FCC4c519fD24Ad,0,0x93a2c6a08434b82fd31dd4c42f834a58c1693825,1,230000000000000,10917982,140578,4943232,1743021215,0x03184da244c2bf67b9eba69a5c6e71e94f46f1b883094156395a841a9852e507,NewSale
0xC0DEc165A5d6e6766Fbc35c977f89535899D0411,74893,0xbc2d6E7c81E7f35473b3594031FCC4c519fD24Ad,0,0xbcae1c8f9d10397243414b3674511db10eb8055b,1,249999990000000,10834991,142201,4943244,1743021239,0xe04956fe2005faa97b837a550e3328abd538a78f160dcb33ebf19258a55a43d6,NewSale
0x8CB3AaE24dDf417f25D720eC688552C84f8f61cD,75868,0xbc2d6E7c81E7f35473b3594031FCC4c519fD24Ad,1,0x5492b36e1fbd8cb8eeadfd2c484f386693329165,1,250000000000000,10950000,152878,4943250,1743021251,0xc74caf81f73860efd161924662237b7aae0de1506dc4f0046dfbd202c60a43d9,NewSale
0x8A06D409f0B48f851d414aF0f463423B306Ba49E,75876,0xbc2d6E7c81E7f35473b3594031FCC4c519fD24Ad,1,0xd415b0cc965b84e460fd7e4af58e8efb15c76607,1,250000000000000,10972020,135778,4943251,1743021253,0x95d71567f886990eadf245ebb98ad988432f3c6a482e48bc8bf234b221b5958b,NewSale
0x0F8a2298Bb31e3399083b398f945fE1Bb1DEEbeb,75988,0xbc2d6E7c81E7f35473b3594031FCC4c519fD24Ad,1,0x5492b36e1fbd8cb8eeadfd2c484f386693329165,1,235000000000000,10900000,140578,4943261,1743021273,0x66678732b60bcf8b93e567cf811badcb241fb88c9d5290fffaf3d286f95c7283,NewSale
0xB23DA1D502DaF0dd1688831F5f0F8D050378777A,75983,0xbc2d6E7c81E7f35473b3594031FCC4c519fD24Ad,0,0xbcae1c8f9d10397243414b3674511db10eb8055b,1,230000000000000,11388939,140578,4943264,1743021279,0x0dbfafbab6dbbfee19d9040149e33eb9b20a428ad6b6603958e774b7167cbbaa,NewSale
0xcC7f09F1c9d79439a0fbf0FEF6B63FF068Ec809b,75951,0xdc0F91C5a4D200FfC21658901c77c0fE1A14d199,0,0xb92a41b25a8dd959f8a2afda7c4714499b0551cf,1,630000000000000,10929731,145383,4943271,1743021293,0x816a60b0f30497bcb5a920c4c0936c7f9e77f7899b9b51812dee53c3583f9d50,NewSale
0xc2CdCd171E3A0dB9bff3d2a77C5858cA82372Be9,75690,0xbc2d6E7c81E7f35473b3594031FCC4c519fD24Ad,1,0x5492b36e1fbd8cb8eeadfd2c484f386693329165,1,269000000000000,10890000,135778,4943273,1743021297,0xd37c6bc0bfc3f2086912d7399cf7809c3ebe68544b6616c2544c9b37f4a11da3,NewSale
0xB23DA1D502DaF0dd1688831F5f0F8D050378777A,75987,0xbc2d6E7c81E7f35473b3594031FCC4c519fD24Ad,0,0x81159e722d874b5fc0bdfd416d157a8f4dd5a1c6,1,230000000000000,10890000,157678,4943273,1743021297,0xe6ae0047f454804e1797d6658462e067140dd248a65aa1c7113223617564bdb0,NewSale
0x782e12ED2Def25F83C21d8a6dEC6cd11a7281beb,75791,0xbc2d6E7c81E7f35473b3594031FCC4c519fD24Ad,1,0xd415b0cc965b84e460fd7e4af58e8efb15c76607,1,259000000000000,10977160,135778,4943277,1743021305,0xfd989e51b18ce442783d7c2f5b46de8a9f31068b3bafee35ce34d826005ae1e3,NewSale
0x5b1d7C34B561Bb67374A390dE22c566D293f5426,75985,0xbc2d6E7c81E7f35473b3594031FCC4c519fD24Ad,1,0xbb8511bbc67b137b7dc439e55f5137c6d7b826b3,1,250000000000000,10873080,152878,4943280,1743021311,0x7a6eb2e682c880b3dc6c2bfc6c3bba05ec6764fbb1654d5436dd9c2bf86aabf3,NewSale
0xeF0Ef28b882d166B732d00A01Ea762B9CCd3FE44,75965,0xbc2d6E7c81E7f35473b3594031FCC4c519fD24Ad,1,0x5492b36e1fbd8cb8eeadfd2c484f386693329165,1,245000000000000,10890000,142189,4943285,1743021321,0x915acb67ba4becb3326a7b01f9dea9b57ad0a415c1b53a3175169cca653f838a,NewSale
0x93a2C6A08434b82fD31DD4C42F834A58C1693825,75990,0xbc2d6E7c81E7f35473b3594031FCC4c519fD24Ad,0,0xbcae1c8f9d10397243414b3674511db10eb8055b,1,200000000000000,11002386,140578,4943289,1743021329,0x27a0268504e1bc4821be11b23b55bcb1e6c5e14733f879cf967753793467b0c0,NewSale
0x3677d60C48EFD69D88641B89CE29c849ab75e0c2,75693,0xbc2d6E7c81E7f35473b3594031FCC4c519fD24Ad,1,0x5492b36e1fbd8cb8eeadfd2c484f386693329165,1,259000000000000,10900000,135778,4943298,1743021347,0x58caaad567afecf30aeb4116cd3da26b47813bba05c9e9a9eb69cf2b40977577,NewSale
0x93a2C6A08434b82fD31DD4C42F834A58C1693825,75976,0xbc2d6E7c81E7f35473b3594031FCC4c519fD24Ad,0,0xbcae1c8f9d10397243414b3674511db10eb8055b,1,240000000000000,10962950,135766,4943313,1743021377,0xadbb2a7c10f462e1631e00eadbf631db838939414d35277c90f47d5823ff9689,NewSale
0xEff03F45bAE26778bE1553dF5c1D790d0B36a360,75993,0xbc2d6E7c81E7f35473b3594031FCC4c519fD24Ad,0,0x93a2c6a08434b82fd31dd4c42f834a58c1693825,1,230000000000000,10837375,157678,4943327,1743021405,0x2765d28e5641ed804f61487d180541f263609b95ae1cbaa54ded5cf3bbb026c5,NewSale
0xEe014Dd74745a7E0AAe2878bB3A40db7de1596Be,75991,0xbc2d6E7c81E7f35473b3594031FCC4c519fD24Ad,0,0xbcae1c8f9d10397243414b3674511db10eb8055b,1,230000000000000,10794773,140578,4943346,1743021443,0x35a7e9cf673aaad9a806f70ff4a31108cbe7b5ef57d54e04f7533cac096c9874,NewSale
0xC0DEc165A5d6e6766Fbc35c977f89535899D0411,64823,0xbc2d6E7c81E7f35473b3594031FCC4c519fD24Ad,0,0xee014dd74745a7e0aae2878bb3a40db7de1596be,1,339990000000000,10830000,142189,4943362,1743021475,0xa7dab48b03248c24824afb16ad4e958c5b9b020c9c9d9d4585d632b3b02ca432,NewSale
0xE951D6Ed0f9d9F4898bae91960Ed640698fb233A,76001,0xbc2d6E7c81E7f35473b3594031FCC4c519fD24Ad,1,0xbcae1c8f9d10397243414b3674511db10eb8055b,1,235000000000000,10752342,140578,4943377,1743021505,0xb7ae90d0ef24f32b42f4c6ea68c34bba56c7b23c09d3534be7e59ab61178d81c,NewSale
0xeE76e68e3E092C993507a88f84B295A756390b7b,75885,0xbc2d6E7c81E7f35473b3594031FCC4c519fD24Ad,1,0xcf3dc1e9cb9f18ce71405265f7286e234add08f1,1,250000000000000,10851269,135778,4943381,1743021513,0xd045199b5c26ba7974f97da6cc7f6a005ec1025b5ad411bba76b5b1d23f32fbb,NewSale
0xeF0Ef28b882d166B732d00A01Ea762B9CCd3FE44,75965,0xbc2d6E7c81E7f35473b3594031FCC4c519fD24Ad,1,0x8c1087da2d760b1affc5107accf70d19218d07df,1,245000000000000,10743454,142189,4943399,1743021549,0x74019081dc8064945df788c283c981e9b01b309d0978a4fdfc82fe7dedb8ba81,NewSale
0x0F8a2298Bb31e3399083b398f945fE1Bb1DEEbeb,75995,0xbc2d6E7c81E7f35473b3594031FCC4c519fD24Ad,1,0x93a2c6a08434b82fd31dd4c42f834a58c1693825,1,235000000000000,10610048,157678,4943416,1743021583,0x2d8aba0f7d922fa2cd650b7776c1ea9be8962bc047cdba98cf57a5d11cb4f8f4,NewSale
0x1b69582EA3F507Df7d723c66Eb0283fF2312A228,75878,0xdc0F91C5a4D200FfC21658901c77c0fE1A14d199,0,0xcc7f09f1c9d79439a0fbf0fef6b63ff068ec809b,1,640000000000000,10608197,167271,4943423,1743021597,0xe9cbcb99289e01c4e37a6f0d41467cd28460a64bd26996f0c7e46e4918814e39,NewSale
0xC0DEc165A5d6e6766Fbc35c977f89535899D0411,74893,0xbc2d6E7c81E7f35473b3594031FCC4c519fD24Ad,0,0x8c1087da2d760b1affc5107accf70d19218d07df,1,249999990000000,10693303,142201,4943425,1743021601,0xabdbd9026a4e74a11b3e8744567feb4d8c94992b6a0dee9676b5dc7078eb2656,NewSale
0xB92a41b25A8DD959f8a2AFDa7C4714499b0551cF,75997,0xdc0F91C5a4D200FfC21658901c77c0fE1A14d199,0,0xcc7f09f1c9d79439a0fbf0fef6b63ff068ec809b,1,640000000000000,10616561,150171,4943429,1743021609,0xc5a35e13a36a5c419330e1b8e3d544060a8c423a807b72f17b7d92f901bb52fe,NewSale
0xcC7f09F1c9d79439a0fbf0FEF6B63FF068Ec809b,75941,0xdc0F91C5a4D200FfC21658901c77c0fE1A14d199,0,0x979631fb7e4b3996b3f03905c34f374039792ef6,1,630000000000000,10610000,167283,4943457,1743021665,0xe57018f99e423b70a76437f0b49b278c059903b71e0a548a5b081f9ac2e66e34,NewSale
0xeF0Ef28b882d166B732d00A01Ea762B9CCd3FE44,75965,0xbc2d6E7c81E7f35473b3594031FCC4c519fD24Ad,1,0x1152620a72c82ea8bbfa8ac17481468bc8122503,1,245000000000000,10732234,142189,4943471,1743021693,0x881f21a5f70596cb3384973cebeec266065c908a3cf1793368e164fa06941c35,NewSale
0xC0DEc165A5d6e6766Fbc35c977f89535899D0411,74893,0xbc2d6E7c81E7f35473b3594031FCC4c519fD24Ad,0,0x807be673bbb0459c45d72cade47e6e41068da7e2,1,249999990000000,10722472,142201,4943475,1743021701,0xb78098924ff708e539888c68429265dd79da0611a38e25009c77afd90956a629,NewSale
0xeF0Ef28b882d166B732d00A01Ea762B9CCd3FE44,75965,0xbc2d6E7c81E7f35473b3594031FCC4c519fD24Ad,1,0xbb8511bbc67b137b7dc439e55f5137c6d7b826b3,1,245000000000000,10585526,142189,4943485,1743021721,0xe399329f06172a6537e9e7a0577e0109cf3412693eeac7f33529d85b24ccdbd3,NewSale
0x93a2C6A08434b82fD31DD4C42F834A58C1693825,76019,0xbc2d6E7c81E7f35473b3594031FCC4c519fD24Ad,0,0xbe75f80fd206efe39193d7daee82662b32525fdd,1,230000000000000,10675997,135778,4943486,1743021723,0xe0f18ff925ea8d0b954da18d9c88f4b8d1805758e0abecef0347f1307c3053f4,NewSale
0x6FC7776FCB27c7190ac0Db0e58898dAD9Fd53f03,76032,0xbc2d6E7c81E7f35473b3594031FCC4c519fD24Ad,1,0x89fc3532b6b93b4cbfa9180d77591d71028991ee,1,250000000000000,10686829,135766,4943489,1743021729,0x4cceeba8ae068a0c37bcd2af2eac31bc1c51ebc5c18eb0140bf2114cab26e870,NewSale
0x37C9a72f7699dF5270a8C409411391F2df0EcC94,74861,0x02e21A25F0038fa5BDEe9c0b77aC0c1E84d3d6f0,1879,0x5bdb1d2f5961c27378ff56bfeccbd889dd446614,1,430000000000000,10667172,155258,4943504,1743021759,0x8574ef741a2973a66668806b5244e5ad83a77cc55eef0c1597a539057491e746,NewSale
0xc8C5373510A51a5473D0A72A21DF81F0E1cbfDe2,75961,0xbc2d6E7c81E7f35473b3594031FCC4c519fD24Ad,1,0x807be673bbb0459c45d72cade47e6e41068da7e2,1,250000000000000,10670436,135778,4943507,1743021765,0xc0704adbcb66265bc0bbdd7e5e3d1af63704022ed2b9658ff8c5e81140a0427d,NewSale
0x93a2C6A08434b82fD31DD4C42F834A58C1693825,76037,0xbc2d6E7c81E7f35473b3594031FCC4c519fD24Ad,1,0x5f4096750c19b25f236ae378b8693495f94e79f8,1,234000000000000,20000000,152878,4943508,1743021767,0x18441f2b997a804aea469fa58b5ddc38d853fea62136cfbb50980ae5570c91fc,NewSale
0x33566D36166df023E5d5d4e53D4A83e3574Bc843,75696,0xbc2d6E7c81E7f35473b3594031FCC4c519fD24Ad,1,0x89fc3532b6b93b4cbfa9180d77591d71028991ee,1,259000000000000,10608163,135778,4943518,1743021787,0x04b1e156a5852ba37d80aeaf1482cb998e6b48471d91525a5399fd81380a22f3,NewSale
0x5492B36e1fbd8Cb8EEadFd2C484f386693329165,76014,0xbc2d6E7c81E7f35473b3594031FCC4c519fD24Ad,1,0xbe75f80fd206efe39193d7daee82662b32525fdd,1,300000000000000,10542123,157690,4943527,1743021805,0xa112e37f430aa66381191ad30a254099372f1d679e26b84334995cfe841fe923,NewSale
0xD5d8aFabfcD266d8339a8Ce34b88E6A57b43Bc1A,75957,0xbc2d6E7c81E7f35473b3594031FCC4c519fD24Ad,1,0x1152620a72c82ea8bbfa8ac17481468bc8122503,1,250000000000000,10600453,135778,4943536,1743021823,0xa2db23572669de5c10d09bb34b0df95bb104d84269d265c08755d9345eb4f31b,NewSale
0x31B8Ce0bD8790Ce3bB19B66972b2909d9A3Da43a,75942,0xbc2d6E7c81E7f35473b3594031FCC4c519fD24Ad,1,0x807be673bbb0459c45d72cade47e6e41068da7e2,1,250000000000000,10603956,135778,4943540,1743021831,0x8b74a775d1c64e4eda85cad1843dae7a16bc53850c8f0333b0862ccafb11504e,NewSale
0xC0DEc165A5d6e6766Fbc35c977f89535899D0411,74893,0xbc2d6E7c81E7f35473b3594031FCC4c519fD24Ad,0,0x89fc3532b6b93b4cbfa9180d77591d71028991ee,1,249999990000000,10599020,142201,4943547,1743021845,0x88d7ccfc371f83c060b1d2626bb4a63ae2df9ba3dea221170d0841d44756656c,NewSale
0xe365e00c328d090aa7Ed10e0FC988FB81bE67234,75564,0xbc2d6E7c81E7f35473b3594031FCC4c519fD24Ad,0,0x8c1087da2d760b1affc5107accf70d19218d07df,1,270000000000000,10488482,140578,4943574,1743021899,0xdf84ae805bc4c96d57a1878cf9b038bd609a8a1ac397aa034c47dc779cd58d78,NewSale
0x67122885C4B00e291848132CbaDd9c7Bf4029297,75711,0xbc2d6E7c81E7f35473b3594031FCC4c519fD24Ad,1,0x1152620a72c82ea8bbfa8ac17481468bc8122503,1,259000000000000,10511816,135778,4943576,1743021903,0x9b0826e13f61b409365c6d4d8e0f1c71a0636cce9305d46ac87f0734340909e1,NewSale
0x5037ec1560AA918e8f9E2405D8590F8Fd3BA6658,75978,0xbc2d6E7c81E7f35473b3594031FCC4c519fD24Ad,0,0xbb8511bbc67b137b7dc439e55f5137c6d7b826b3,1,274800000000000,10402318,157678,4943581,1743021913,0xe9e9a870c86e162303a5b3f057c6894576e69618102e63ee31330fa171225ffb,NewSale
0x5037ec1560AA918e8f9E2405D8590F8Fd3BA6658,76016,0xbc2d6E7c81E7f35473b3594031FCC4c519fD24Ad,0,0xbe75f80fd206efe39193d7daee82662b32525fdd,1,274800000000000,10461239,140578,4943590,1743021931,0x312006c25bd5b25ca7803a7e6569ed0955f5c06c1d6995d2936f43be5e166dae,NewSale
0x38A372E98101708911675801225554ac6d524B2f,75755,0x2Bf46D4497e98FbA2304B0d2453922FFf559Ea02,27,0x5bdb1d2f5961c27378ff56bfeccbd889dd446614,1,400000000000000,10477106,162471,4943603,1743021957,0xdf07a1980cc7a0dc430ac432291d47c4896a501a75bdc6bfcd736cd092428348,NewSale
0xC0DEc165A5d6e6766Fbc35c977f89535899D0411,74893,0xbc2d6E7c81E7f35473b3594031FCC4c519fD24Ad,0,0x410651714e33ea6e547dcb1f9b34a3177df0352b,1,249999990000000,10410000,142201,4943626,1743022003,0x28446133c2a4ad096b3902c797e20805c6af9e27b3c3689c429e7d698d6280ef,NewSale
0xDD70b8dd27dc0de8A9254D900c1af0d92dB69915,75964,0xbc2d6E7c81E7f35473b3594031FCC4c519fD24Ad,1,0x60ac34086f18ebeba5eecd14e80f4f288dad5078,1,250000000000000,10410000,135778,4943630,1743022011,0x05284ad5670dd79a6386d22eeaec43f8d7c156ba8dcd12da7a121f8eef67133d,NewSale
0xB23DA1D502DaF0dd1688831F5f0F8D050378777A,75972,0x897d1cBBeDC44c8371672e8cA72555b5194D6D86,0,0xbb8511bbc67b137b7dc439e55f5137c6d7b826b3,1,400000000000000,10373715,162487,4943630,1743022011,0x933677f90f137b0b3ae6df4cbf0a7e57f127e9414fb436784d4853546e447b45,NewSale
0x437bcF4FE0c9E51e85D6b5A01FD019D2D7b79AC3,76056,0xbc2d6E7c81E7f35473b3594031FCC4c519fD24Ad,1,0x89fc3532b6b93b4cbfa9180d77591d71028991ee,1,250000000000000,10466068,135778,4943634,1743022019,0xa9046944a3a096b985678d83eb27dda392bac2ba02270fe8720c49ec2d1cbeea,NewSale
0xF52905E2A487A76a9A0FCFa549049522f5603AD6,75975,0xbc2d6E7c81E7f35473b3594031FCC4c519fD24Ad,1,0x807be673bbb0459c45d72cade47e6e41068da7e2,1,250000000000000,10480578,135778,4943638,1743022027,0xc7d19219cdb0e715b12a4cd3718e85811bbd77d964e69d51635ca98271755bd2,NewSale
