listing_creator,listing_id,asset_contract,token_id,buyer,quantity_bought,total_price_paid,gas_price,gas_used,block_number,timestamp,transaction_hash,event_type
0x5037ec1560AA918e8f9E2405D8590F8Fd3BA6658,78514,0x02e21A25F0038fa5BDEe9c0b77aC0c1E84d3d6f0,1623,0xeaaf169d4551132214eac065797fe1aed4e7fe45,1,479800000000000,35409520,155258,5025607,1743185965,0xef5d9406fe1abef59a4effe09aeb06cc54099110212238cec6c00dfc375b4bb2,NewSale
0x41f07238C5096Eb7eb68c50FE8AE5AdDECBBF5C2,80666,0xbFCACb23F0B41EeEDFf7d04f52CE8f5125150806,8,0x058b5beb2ca1cd9a1f2ce52ddbca8b2c4298542d,1,500000000000000,35370000,164783,5025614,1743185979,0xe64d8a1fe1720755c38dcc4c6af936e91d51b478a977ff0762049cdf4e47adee,NewSale
0x9edC8cde339B0b69C3f4A451B4FFBaaAdFc1cabb,83209,0xbc2d6E7c81E7f35473b3594031FCC4c519fD24Ad,1,0x3dea2109e83eb27a365feca04f7d0cc956c9f41b,1,249900000000000,35082413,135778,5025616,1743185983,0x254d98609281de1f6725a2d9a092f2fa7efbee35ff04c6ddac2e46e7c9f023e6,NewSale
0xE4f4BaEd82d30f2244fE1722aeda37dEF4B38Ddc,81993,0x02e21A25F0038fa5BDEe9c0b77aC0c1E84d3d6f0,2271,0xeaaf169d4551132214eac065797fe1aed4e7fe45,1,490000000000000,36596198,138158,5025630,1743186011,0x2f3344edc46c3520105dd8f1c1b128dd2b0cfd1c4cd6c3bb86079ef958b24109,NewSale
0x41f07238C5096Eb7eb68c50FE8AE5AdDECBBF5C2,80670,0xbFCACb23F0B41EeEDFf7d04f52CE8f5125150806,4,0x058b5beb2ca1cd9a1f2ce52ddbca8b2c4298542d,1,500000000000000,36500000,164783,5025641,1743186033,0xdd707c9989040f7fa3de1df6de57f0209b6c7ff67d67465ed6d6f5a6164e135c,NewSale
0xE4f4BaEd82d30f2244fE1722aeda37dEF4B38Ddc,81998,0x02e21A25F0038fa5BDEe9c0b77aC0c1E84d3d6f0,2276,0xeaaf169d4551132214eac065797fe1aed4e7fe45,1,490000000000000,36668187,138158,5025649,1743186049,0x532b9b4a785f3303662ecd32f261fe56fb1689236ba99cb08d1b4ae37bf6d036,NewSale
0x973B964Df0b48C47D8E11F71dC04e393fE9be3c1,83114,0xbc2d6E7c81E7f35473b3594031FCC4c519fD24Ad,1,0x3f43a69faa3cdd69cf0148627d130e4329d55c3d,1,250000000000000,36668762,140578,5025660,1743186071,0x9fe63a0019157ec331b83ea6c66294058b40e0e84f0548177c71e77575f3b704,NewSale
0xE4f4BaEd82d30f2244fE1722aeda37dEF4B38Ddc,81996,0x02e21A25F0038fa5BDEe9c0b77aC0c1E84d3d6f0,2273,0xeaaf169d4551132214eac065797fe1aed4e7fe45,1,490000000000000,36533703,138158,5025673,1743186097,0xeba5f5b643f2008009c13f88d7d849317f580e220a9f87262c66468c07031397,NewSale
0x30e385A63834a49d8C27f9a47F57297406336441,82864,0x02e21A25F0038fa5BDEe9c0b77aC0c1E84d3d6f0,2358,0xeaaf169d4551132214eac065797fe1aed4e7fe45,1,480000000000000,37026520,138146,5025695,1743186141,0xfdc89d6d7ecacae1e232103c818eb3c7491feab002a4066e0e055f34faac68aa,NewSale
0xe18A993A482977194283033A7C272676456B0D9B,83211,0xbc2d6E7c81E7f35473b3594031FCC4c519fD24Ad,1,0xdc4af1f0c8702b22280ed386cf36a833fb966367,1,249900000000000,37036437,152878,5025700,1743186151,0x3ba0ac0e55caebb07f0c0e763cea3141efc2b4a95ca19ff47dddf54a21096051,NewSale
0xeb418E53EFcDc351137C9A81c70967b8D7063f4C,79364,0x7e5F161dd824d98AC3474eBf550716d0cb83E8C6,0,0x058b5beb2ca1cd9a1f2ce52ddbca8b2c4298542d,1,500000000000000,37180000,164783,5025715,1743186181,0x9c9615ee87f9c755c820e7f81513159e36155c98b80dd91df534b24f7f107fe7,NewSale
0x1ac47a59b18d89Dc7a0905A0E576B860cc93EBBB,80930,0x02e21A25F0038fa5BDEe9c0b77aC0c1E84d3d6f0,2180,0xeaaf169d4551132214eac065797fe1aed4e7fe45,1,500000000000000,37441001,138158,5025716,1743186183,0x51cd7ca5b3044b988f978645ccf3dcddb0beb3f88a7aed1c4158f4f7b8bc412c,NewSale
0x8A6a7B1c84d071E23b9EFe5a9DCcA5985e8215fB,80959,0x02e21A25F0038fa5BDEe9c0b77aC0c1E84d3d6f0,2188,0xeaaf169d4551132214eac065797fe1aed4e7fe45,1,500000000000000,37986349,138158,5025739,1743186229,0xb8bd3c3810668f4c530c555df2fa9362b12662032d45bd7f20cad690d59253b0,NewSale
0xeb418E53EFcDc351137C9A81c70967b8D7063f4C,80177,0x7e5F161dd824d98AC3474eBf550716d0cb83E8C6,2,0x058b5beb2ca1cd9a1f2ce52ddbca8b2c4298542d,1,500000000000000,37850000,164783,5025749,1743186249,0xaa9a33bbc8c29ee863a9f469b0c97a939a07ba7bba02819835c1820fddfb140e,NewSale
0x30e385A63834a49d8C27f9a47F57297406336441,82860,0x02e21A25F0038fa5BDEe9c0b77aC0c1E84d3d6f0,2360,0xeaaf169d4551132214eac065797fe1aed4e7fe45,1,480000000000000,38251684,138146,5025760,1743186271,0x1aea9d3783d6b97e51cf50d0f7418874748c55755b5bca1eb4b620a7d29b7986,NewSale
0xf6e024C40e7627988e51B0161d479F0B6c8Ac63A,82847,0x02e21A25F0038fa5BDEe9c0b77aC0c1E84d3d6f0,2042,0xeaaf169d4551132214eac065797fe1aed4e7fe45,1,470000000000000,38748471,133358,5025779,1743186309,0xb2acaaef2a6b34992c6373fa049b5a5bd7d44a4017c40b97c836ae8fbb78de21,NewSale
0xfc6B91eE4dA5d58C57406E0405aEE3Eb6F8d43F7,83237,0xbc2d6E7c81E7f35473b3594031FCC4c519fD24Ad,0,0xc3b9677ecadcbaf5855c88dfc753335873bfb18a,1,190000000000000,38610701,157678,5025782,1743186315,0xc4c9679a8c0c7083e8f1797259e74c777fb6703bb5b39a1cf62673fc190cf066,NewSale
0x47042AE24A7Ec481A82fB7294F8FE579fCE90FbC,83241,0xbc2d6E7c81E7f35473b3594031FCC4c519fD24Ad,0,0xdc4af1f0c8702b22280ed386cf36a833fb966367,1,170000000000000,38810458,140578,5025787,1743186325,0x95c5255076ad029cd85778452c6d6df796126df34abaa46e0ef45f7ecab3bb30,NewSale
0xfc6B91eE4dA5d58C57406E0405aEE3Eb6F8d43F7,83240,0xbc2d6E7c81E7f35473b3594031FCC4c519fD24Ad,0,0xc3b9677ecadcbaf5855c88dfc753335873bfb18a,1,196500000000000,38724315,140578,5025800,1743186351,0xab57069070c39ed03037c299271ebfa1968c81cc083eaeb387dac0b581038d14,NewSale
0x8A6a7B1c84d071E23b9EFe5a9DCcA5985e8215fB,80965,0x02e21A25F0038fa5BDEe9c0b77aC0c1E84d3d6f0,2182,0xeaaf169d4551132214eac065797fe1aed4e7fe45,1,500000000000000,38977256,138158,5025805,1743186361,0x3cc627d0b72dee016c2c8d76e687eca4e0242200899480156603ceb1a1cba281,NewSale
0xf6eD4039B897010dC12E0CD475e5A2318Bdd11B5,83232,0xbc2d6E7c81E7f35473b3594031FCC4c519fD24Ad,1,0x56e32f2972598581c0cd5cfa9bc6c40cd84d96fa,1,249900000000000,39160844,135778,5025817,1743186385,0x5f702aa4959dfdc0698030b4f349e1b7ab4213525a3599ba91aa788d0234e2de,NewSale
0xeF0Ef28b882d166B732d00A01Ea762B9CCd3FE44,83208,0xbc2d6E7c81E7f35473b3594031FCC4c519fD24Ad,1,0xc3b9677ecadcbaf5855c88dfc753335873bfb18a,1,200000000000000,39160844,159289,5025817,1743186385,0x1a1b7c16ad9f8263772281113b006496b69cfb5c0728253bc6c4713725560a34,NewSale
0xE4f4BaEd82d30f2244fE1722aeda37dEF4B38Ddc,82142,0x02e21A25F0038fa5BDEe9c0b77aC0c1E84d3d6f0,1702,0x058b5beb2ca1cd9a1f2ce52ddbca8b2c4298542d,1,490000000000000,39140000,155258,5025833,1743186417,0x3ac7b8988de562b16ab9736d28a3d70d6b599acdd90d7d65ceb5c4ecf3db1a0d,NewSale
0xfc6B91eE4dA5d58C57406E0405aEE3Eb6F8d43F7,83228,0xbc2d6E7c81E7f35473b3594031FCC4c519fD24Ad,0,0xc3b9677ecadcbaf5855c88dfc753335873bfb18a,1,200000000000000,39247615,140578,5025837,1743186425,0xfe11c7bb11440776b49fef17477b1572149507c2f2a8eaea4913dfeea8f6b74d,NewSale
0x8A6a7B1c84d071E23b9EFe5a9DCcA5985e8215fB,80964,0x02e21A25F0038fa5BDEe9c0b77aC0c1E84d3d6f0,2183,0x058b5beb2ca1cd9a1f2ce52ddbca8b2c4298542d,1,500000000000000,39200000,133358,5025863,1743186477,0x0a9b4b2c0aac551acfffc060cbafc76ee71f7ba02e699a338968fc48437fe2cf,NewSale
0xfc6B91eE4dA5d58C57406E0405aEE3Eb6F8d43F7,83221,0xbc2d6E7c81E7f35473b3594031FCC4c519fD24Ad,0,0xc3b9677ecadcbaf5855c88dfc753335873bfb18a,1,218000000000000,39080123,140578,5025868,1743186487,0xb0ff224741d032591ce4b5849d86dae3ed3d1edb30e57f7eee2af493f259e908,NewSale
0x80fe121B69163E17bd4e9CC573652e29E48fa4ae,83112,0xbc2d6E7c81E7f35473b3594031FCC4c519fD24Ad,1,0x25224a77867f6c31b30f4b858aef3a487653f15a,1,19900000000000000000,38931107,180543,5025880,1743186511,0x2fc4f0f564c231af493d79c3b4ce48718ce8ef656dede3e154efd7e9eda7768d,NewSale
0xeF0Ef28b882d166B732d00A01Ea762B9CCd3FE44,83249,0xbc2d6E7c81E7f35473b3594031FCC4c519fD24Ad,1,0xaa72a899ec5d229ad486e277fed55cafc018355f,1,180000000000000,38873879,157678,5025883,1743186517,0x1fbd11f4985cd73ea3a43ad12a0d9240c2a1f072e3c3eaa9ea83d8f331db9c1a,NewSale
0x47042AE24A7Ec481A82fB7294F8FE579fCE90FbC,83245,0x897d1cBBeDC44c8371672e8cA72555b5194D6D86,0,0x56e32f2972598581c0cd5cfa9bc6c40cd84d96fa,1,190000000000000,38713117,145387,5025884,1743186519,0xc902960e8ca8dcd6f94091375cead0c46721fa3eedfec30b461c16a858043c3d,NewSale
0xeF0Ef28b882d166B732d00A01Ea762B9CCd3FE44,83208,0xbc2d6E7c81E7f35473b3594031FCC4c519fD24Ad,1,0xc3b9677ecadcbaf5855c88dfc753335873bfb18a,1,200000000000000,38773061,142189,5025886,1743186523,0xe491764717f57802f1d69afa07fe22f031f8a1c9952dd40274d86fafdf420478,NewSale
0xbc9e5e5C5044aD52C5e8BCa1B810FC5570c55fD3,68881,0x3C64026f79C997E422d84ACf7c318C28c73DDAaA,29,0xbaa9672503be4067ccc6ebb08bee52af3e0b3b4c,1,42000000000000000000,38714052,186930,5025893,1743186537,0x4f9d29cb677b15bd4693838427fc0e811a823d2cbbcacbd16e6bf2b775518020,NewSale
0xeF0Ef28b882d166B732d00A01Ea762B9CCd3FE44,83208,0xbc2d6E7c81E7f35473b3594031FCC4c519fD24Ad,1,0xaa72a899ec5d229ad486e277fed55cafc018355f,1,200000000000000,38693382,142189,5025897,1743186545,0xc2f0c605a0ff8b25a250487005e7f1e5d8408f00130f19840f649163f61807e7,NewSale
0xfc6B91eE4dA5d58C57406E0405aEE3Eb6F8d43F7,83231,0xbc2d6E7c81E7f35473b3594031FCC4c519fD24Ad,0,0xdc4af1f0c8702b22280ed386cf36a833fb966367,1,219000000000000,38465502,140578,5025906,1743186563,0xf555d8324a00910c7bb70594cce393324fb4fe35c70cf17661ed09db8357c772,NewSale
0xeF0Ef28b882d166B732d00A01Ea762B9CCd3FE44,83208,0xbc2d6E7c81E7f35473b3594031FCC4c519fD24Ad,1,0xc3b9677ecadcbaf5855c88dfc753335873bfb18a,1,200000000000000,37930947,142189,5025906,1743186563,0xc398c76396090de9881afe49ff47b7d74855f37abef0079deb2292b80f3a04f6,NewSale
0xeF0Ef28b882d166B732d00A01Ea762B9CCd3FE44,83208,0xbc2d6E7c81E7f35473b3594031FCC4c519fD24Ad,1,0xaa72a899ec5d229ad486e277fed55cafc018355f,1,200000000000000,38402189,142189,5025912,1743186575,0x4c0980c91d8fdd4e0ba1174d84f65f6efac2ba8be06dca492f43527b956a6a56,NewSale
0xeF0Ef28b882d166B732d00A01Ea762B9CCd3FE44,83208,0xbc2d6E7c81E7f35473b3594031FCC4c519fD24Ad,1,0xc3b9677ecadcbaf5855c88dfc753335873bfb18a,1,200000000000000,37713987,142189,5025924,1743186599,0x064bf462678079598e7102a2f1941bf9872edc4fc4192f43d47d3febf066dc32,NewSale
0x5eAEB16C749A3fDE9942e28E6493B93b96fc6Ee4,83247,0xbc2d6E7c81E7f35473b3594031FCC4c519fD24Ad,1,0x56e32f2972598581c0cd5cfa9bc6c40cd84d96fa,1,249900000000000,38084578,135778,5025925,1743186601,0x75d5e127892df87f728baaacb50501876e87c2d3d8be44cca3bbb07d3ec56dbd,NewSale
0x1ac47a59b18d89Dc7a0905A0E576B860cc93EBBB,80929,0x02e21A25F0038fa5BDEe9c0b77aC0c1E84d3d6f0,2181,0x3dea2109e83eb27a365feca04f7d0cc956c9f41b,1,500000000000000,37521869,138158,5025933,1743186617,0xc1505fc22bf1b225ce9942c57635069887da91ed51f18e1a8a483bba60ae0e82,NewSale
0xfc6B91eE4dA5d58C57406E0405aEE3Eb6F8d43F7,83224,0xbc2d6E7c81E7f35473b3594031FCC4c519fD24Ad,0,0xc3b9677ecadcbaf5855c88dfc753335873bfb18a,1,219000000000000,37300139,140578,5025941,1743186633,0x9c5673e970dd45a3d6c6386975a9c8643981c142fcfa1ad4339ece662cb5c0c2,NewSale
0x7B8CB85173787E77020b8cc1b6A2EcBBa1f56563,83252,0xbc2d6E7c81E7f35473b3594031FCC4c519fD24Ad,1,0x56e32f2972598581c0cd5cfa9bc6c40cd84d96fa,1,249900000000000,37464098,135778,5025949,1743186649,0x81c2b511e75e7d4e8af1b630986df74f61ff7a804604f93640847fe8e22309fb,NewSale
0xeF0Ef28b882d166B732d00A01Ea762B9CCd3FE44,83255,0xbc2d6E7c81E7f35473b3594031FCC4c519fD24Ad,1,0xc3b9677ecadcbaf5855c88dfc753335873bfb18a,1,190000000000000,36707865,140578,5025959,1743186669,0x1aae5695fda5b2e9287bc30ddeb37b28b51c7ee4ec803d4fa798f45ed16cf68c,NewSale
0xeF0Ef28b882d166B732d00A01Ea762B9CCd3FE44,83208,0xbc2d6E7c81E7f35473b3594031FCC4c519fD24Ad,1,0xaa72a899ec5d229ad486e277fed55cafc018355f,1,200000000000000,36929325,142189,5025976,1743186703,0x4b76a60d98ae5aecc37aa4024df0c66ef72049fa0e96ed355a761ceb61c20ba0,NewSale
0xfc6B91eE4dA5d58C57406E0405aEE3Eb6F8d43F7,83218,0xbc2d6E7c81E7f35473b3594031FCC4c519fD24Ad,0,0xc3b9677ecadcbaf5855c88dfc753335873bfb18a,1,218000000000000,36361351,140578,5025976,1743186703,0x77408d17b79ac6804501ec4c0b9135c8449366f45033e80a6e456c3114c22ff0,NewSale
0x9d88337D7707C382e13d34491AB6626bb5DC3953,83259,0xbc2d6E7c81E7f35473b3594031FCC4c519fD24Ad,1,0x56e32f2972598581c0cd5cfa9bc6c40cd84d96fa,1,249900000000000,36774193,135778,5025978,1743186707,0xbca1f72e59abf3edb31ddfda3ef16f916a23e2f4d7632ac8f6add55e07732aa0,NewSale
0xbAa9672503be4067CCc6eBB08BEe52af3e0b3b4C,83198,0x2Bf46D4497e98FbA2304B0d2453922FFf559Ea02,50,0x058b5beb2ca1cd9a1f2ce52ddbca8b2c4298542d,1,599990000000000,36840000,164783,5025989,1743186729,0xff22ffbd8ec5a47a6d4e81c792bf8f16fabef2d52de2d524310f017bdc24cec3,NewSale
0xeF0Ef28b882d166B732d00A01Ea762B9CCd3FE44,83208,0xbc2d6E7c81E7f35473b3594031FCC4c519fD24Ad,1,0xaa72a899ec5d229ad486e277fed55cafc018355f,1,200000000000000,36769394,142189,5025990,1743186731,0x765fb6a062c441ce65116dda5401f8fdb56c606642091c80942646c87f46707f,NewSale
0xeF0Ef28b882d166B732d00A01Ea762B9CCd3FE44,83208,0xbc2d6E7c81E7f35473b3594031FCC4c519fD24Ad,1,0xdc4af1f0c8702b22280ed386cf36a833fb966367,1,200000000000000,36597009,140578,5025997,1743186745,0x94e2804942ce60b0b3485a8353b95cda5a388591f1b59c858e909bb0ff3f0c56,NewSale
0x80fe121B69163E17bd4e9CC573652e29E48fa4ae,83115,0xbc2d6E7c81E7f35473b3594031FCC4c519fD24Ad,0,0x25224a77867f6c31b30f4b858aef3a487653f15a,1,20000000000000000000,36330772,182166,5026003,1743186757,0xa3b17dcd00a7cc03936495fedd43ec528c935f26dd1f664aeddc9ee265164453,NewSale
0xeF0Ef28b882d166B732d00A01Ea762B9CCd3FE44,83261,0xbc2d6E7c81E7f35473b3594031FCC4c519fD24Ad,1,0x56e32f2972598581c0cd5cfa9bc6c40cd84d96fa,1,232000000000000,36186459,142177,5026005,1743186761,0xf864137bccc1d0ce064bb2c59b84f7d583c24d78b7f91f4db88c77c011d813bf,NewSale
0xeF0Ef28b882d166B732d00A01Ea762B9CCd3FE44,83261,0xbc2d6E7c81E7f35473b3594031FCC4c519fD24Ad,1,0xaa72a899ec5d229ad486e277fed55cafc018355f,1,232000000000000,36253116,142177,5026011,1743186773,0xb0b318bd7505116359018c22f319a5969ae8c74fa86f9663e60f01409b9576d8,NewSale
0x41f07238C5096Eb7eb68c50FE8AE5AdDECBBF5C2,80664,0xbFCACb23F0B41EeEDFf7d04f52CE8f5125150806,10,0x058b5beb2ca1cd9a1f2ce52ddbca8b2c4298542d,1,500000000000000,36190000,164783,5026015,1743186781,0x493791e80e16bb221502c8be0362570a7e48a23051f39caad9ddf985fc442c34,NewSale
0xeF0Ef28b882d166B732d00A01Ea762B9CCd3FE44,83261,0xbc2d6E7c81E7f35473b3594031FCC4c519fD24Ad,1,0xaa72a899ec5d229ad486e277fed55cafc018355f,1,232000000000000,36113812,142177,5026021,1743186793,0xe4acce07c40afd99745f2d4e1aa2def390bbf5ad3eb1c648343c8bd0e26b111a,NewSale
0xeF0Ef28b882d166B732d00A01Ea762B9CCd3FE44,83261,0xbc2d6E7c81E7f35473b3594031FCC4c519fD24Ad,1,0xdc4af1f0c8702b22280ed386cf36a833fb966367,1,232000000000000,35942363,142177,5026027,1743186805,0xbdf831bfd7a6e814023cab92f1e8ba7c2a7fc57f2e8afd2110e15ba428563323,NewSale
0xeF0Ef28b882d166B732d00A01Ea762B9CCd3FE44,83261,0xbc2d6E7c81E7f35473b3594031FCC4c519fD24Ad,1,0xaa72a899ec5d229ad486e277fed55cafc018355f,1,232000000000000,35986419,142177,5026034,1743186819,0x7d8571973b52d0b4333866c0f239a72e6245ae127d4226eaa3bd49ca0837b3a5,NewSale
0x7D42Fee4F35c626C6dA2cF9A5460490658d62973,83260,0xdc0F91C5a4D200FfC21658901c77c0fE1A14d199,0,0x59fabbc97e3c8d48ab65c16cba074108009d6672,1,550000000000000,35913017,162471,5026037,1743186825,0x80e2ec353b94e586e34e0e38e775a12680886a67b65871f6f72b2840c0d986b5,NewSale
0xeF0Ef28b882d166B732d00A01Ea762B9CCd3FE44,83261,0xbc2d6E7c81E7f35473b3594031FCC4c519fD24Ad,1,0xaa72a899ec5d229ad486e277fed55cafc018355f,1,232000000000000,35658024,142177,5026049,1743186849,0x64050324ef8f56d475263f07c35ea2c73f17d834fae8cfcc48ab185c09c35de1,NewSale
0x04f2e7bD3365C70B96c4E41B6116C636e9dcC39b,82416,0xEB255E4669Da7FeEf1F746a5a778b4e08b65a1A7,0,0xe8e091da5cadb76149079537007dd504e8c3cb77,1,1200000,35880000,203656,5026052,1743186855,0xc91970cc53e837565c3cb7306ea051a6715b5a3d36a16b482fab183d10efb1cf,NewSale
0xeF0Ef28b882d166B732d00A01Ea762B9CCd3FE44,83261,0xbc2d6E7c81E7f35473b3594031FCC4c519fD24Ad,1,0xdc4af1f0c8702b22280ed386cf36a833fb966367,1,232000000000000,35784061,142177,5026053,1743186857,0x12956368055e8719e3f9e9eddcd86c1580548fce7e6395ddc53b0cfaebd2e5c7,NewSale
0xeF0Ef28b882d166B732d00A01Ea762B9CCd3FE44,83261,0xbc2d6E7c81E7f35473b3594031FCC4c519fD24Ad,1,0xaa72a899ec5d229ad486e277fed55cafc018355f,1,232000000000000,35917945,140566,5026061,1743186873,0x051b4fe57fbd6c7d6eb98b2b065ab3e702a6d205b9106374da9a76a039bea1b7,NewSale
0xeF0Ef28b882d166B732d00A01Ea762B9CCd3FE44,83171,0xbc2d6E7c81E7f35473b3594031FCC4c519fD24Ad,1,0xa21b23e5f07e5e28cb42d09502227eb75b0b64b5,1,810000,35730000,175161,5026073,1743186897,0x426005bdc803cb201023435589a6a3080852624bde47d68c344ee6d9e044faf9,NewSale
0x65e814c3711478673d418b78F16Dbd09D8CBfDfe,83216,0xbc2d6E7c81E7f35473b3594031FCC4c519fD24Ad,1,0xaa72a899ec5d229ad486e277fed55cafc018355f,1,249900000000000,35982788,135778,5026074,1743186899,0xc343e03324986a96942ea150eb160c2c436a1c48922ffda7f04e7bfdc9888faf,NewSale
0xb66B2b0AF7760F0caA265fc53b9fe957A738c79b,83220,0xbc2d6E7c81E7f35473b3594031FCC4c519fD24Ad,1,0xaa72a899ec5d229ad486e277fed55cafc018355f,1,249900000000000,35891297,135778,5026094,1743186939,0x8af101a5f8c58c9061f053c0c2ba6648bd04ec5b8748d186a6c672abfbe99b1e,NewSale
0x0D36Ea08F924C9A821657D8F535cec7C644C5AEB,83223,0xbc2d6E7c81E7f35473b3594031FCC4c519fD24Ad,1,0x055fbf03c90433ef79fdbb4e2e9589425be94290,1,249900000000000,50000000,152878,5026135,1743187021,0xcc3673ff2fc5fcf65118f2df817b3022c2c218c886e1c89512ff5acba95435a9,NewSale
0x156Db05e295E230B6F85E38582087be2A8Cde91B,83265,0xbc2d6E7c81E7f35473b3594031FCC4c519fD24Ad,1,0xdc4af1f0c8702b22280ed386cf36a833fb966367,1,249900000000000,35965466,135778,5026173,1743187097,0x84d587579735310cf3fb5cd1b4ce4d4319ce01a154ada753f8f956ffdd3941a2,NewSale
0xe8e091DA5cadB76149079537007DD504E8C3cb77,83174,0xdc0F91C5a4D200FfC21658901c77c0fE1A14d199,0,0xa21b23e5f07e5e28cb42d09502227eb75b0b64b5,1,1680000,35640000,186568,5026207,1743187165,0xe1294762212786d73bd6e05b91e9b07ae775020aed7a98d88c2b4216bf26fc1f,NewSale
0x35dDEdaB285f9A717088aFc4f8251aE7fF29aE5b,83262,0xbc2d6E7c81E7f35473b3594031FCC4c519fD24Ad,1,0x1a533b5fbfc90763c875904ed953453581e270f2,1,249900000000000,60000000,152878,5026211,1743187173,0xdf4174f3c565c49b6b3854fce06652e726127aae1169775bf31064d1c52a71b1,NewSale
0xf69fb0953bCF7D7f29CD31871e7b62ffbf586238,81688,0x02e21A25F0038fa5BDEe9c0b77aC0c1E84d3d6f0,2208,0x5c921c8ff1fbc8ae744457e28b099f7e8edea211,1,500000000000000,35580000,150458,5026212,1743187175,0xa5839cd7cf8e6ff711714b78d4a9639e4efd2bb863a394f6c658e91ac89e9e04,NewSale
0xC0DEc165A5d6e6766Fbc35c977f89535899D0411,77663,0xbc2d6E7c81E7f35473b3594031FCC4c519fD24Ad,0,0xdc4af1f0c8702b22280ed386cf36a833fb966367,1,249999950000000,35290400,142201,5026215,1743187181,0xc32aa561293ac38705d1436f545bc17f38160743dea9a8884685c8beba26eba4,NewSale
0xbb28e24033ea8E29c372811a10D545F0b1C93A49,82810,0x02e21A25F0038fa5BDEe9c0b77aC0c1E84d3d6f0,2342,0x5c921c8ff1fbc8ae744457e28b099f7e8edea211,1,500000000000000,35180000,138158,5026229,1743187209,0x1981b624088dfb9ef4fb9c82e06453f66de33db09c25938a4e817b52c93284fe,NewSale
0xeAAf169d4551132214EAc065797fE1AeD4E7Fe45,83267,0x02e21A25F0038fa5BDEe9c0b77aC0c1E84d3d6f0,2182,0x5c921c8ff1fbc8ae744457e28b099f7e8edea211,1,500000000000000,35010000,138158,5026241,1743187233,0x3e3aa157a8c461a0149f56eb6ad90564225feb8e88381562754726adfc8afa41,NewSale
0xeAAf169d4551132214EAc065797fE1AeD4E7Fe45,83269,0x02e21A25F0038fa5BDEe9c0b77aC0c1E84d3d6f0,2360,0x5c921c8ff1fbc8ae744457e28b099f7e8edea211,1,500000000000000,34710000,138158,5026255,1743187261,0xe64ea2f3afd89c4c9c9da91415674db7ceeebee4ade6ad6dd4e48c34927b48ed,NewSale
0xa21b23e5f07E5E28cB42d09502227Eb75b0B64B5,83291,0xdc0F91C5a4D200FfC21658901c77c0fE1A14d199,0,0xd40ab882942ff8cda8e29cc9a520d01c5e7675d0,1,550000000000000,34710000,167283,5026256,1743187263,0x8d4cf88ecf9031110c2a15c167a86b1d22c9603d47780ef139fc81155ff9370c,NewSale
0x100256960586548D73703507BB33be538ae7A7BF,83253,0xbc2d6E7c81E7f35473b3594031FCC4c519fD24Ad,1,0xff7116560005a341f809bb6405260bbb0f2a1b45,1,23450000000000000,34333683,152878,5026261,1743187273,0x1aa1987921fab85397d50df10da92c60a681a8d7e2d2943848324e35bfaff225,NewSale
0xC0DEc165A5d6e6766Fbc35c977f89535899D0411,77659,0xbc2d6E7c81E7f35473b3594031FCC4c519fD24Ad,0,0xdc4af1f0c8702b22280ed386cf36a833fb966367,1,249999980000000,35273429,142177,5026273,1743187297,0xa393d3d22e2996c5803d886c21de7c285c87483a5fe536cba428e4921ba14755,NewSale
0x67C4B089c5C84EEaE7b5Ce3525ae59b75c51f47E,83263,0xbc2d6E7c81E7f35473b3594031FCC4c519fD24Ad,1,0xeafaef9d5cdb805dd9ac7169b8b2372a1f029ed7,1,249900000000000,35180000,152878,5026274,1743187299,0xfa2d562094dc626961c1eab3f8c146e518d54c98afd00796fce4b3afcf692496,NewSale
0xeAAf169d4551132214EAc065797fE1AeD4E7Fe45,83271,0x02e21A25F0038fa5BDEe9c0b77aC0c1E84d3d6f0,2180,0x5c921c8ff1fbc8ae744457e28b099f7e8edea211,1,500000000000000,35180000,138158,5026275,1743187301,0x0c58f7f7c5d3839736496f4659d5134cf6bb9d161fdf5ca52c3c7662a34fd537,NewSale
0xeAAf169d4551132214EAc065797fE1AeD4E7Fe45,83289,0x02e21A25F0038fa5BDEe9c0b77aC0c1E84d3d6f0,1623,0x5c921c8ff1fbc8ae744457e28b099f7e8edea211,1,500000000000000,35110000,138158,5026293,1743187337,0x04219d5113a330d9b96c69fd3a73e0f57bd0520304743a64b5942a59f0d033a6,NewSale
0xeAAf169d4551132214EAc065797fE1AeD4E7Fe45,83285,0x02e21A25F0038fa5BDEe9c0b77aC0c1E84d3d6f0,2358,0x5c921c8ff1fbc8ae744457e28b099f7e8edea211,1,500000000000000,35460000,138158,5026311,1743187373,0x321bcae745129b360ed0b6d030d6641099ad7a82b8802ae49ca8dbce7d883118,NewSale
0xeAAf169d4551132214EAc065797fE1AeD4E7Fe45,83270,0x02e21A25F0038fa5BDEe9c0b77aC0c1E84d3d6f0,2188,0x5c921c8ff1fbc8ae744457e28b099f7e8edea211,1,500000000000000,35550000,138158,5026327,1743187405,0xd20c14e1125745043c7fb686588c46f488d203308ab2190c1c9804f6c2672ed3,NewSale
0x100256960586548D73703507BB33be538ae7A7BF,83250,0x26eA0a7Bd0e3feBc7Cd919Ab46e17b47cb01Cc04,122,0xff7116560005a341f809bb6405260bbb0f2a1b45,1,23450000000000000,34672806,171878,5026335,1743187421,0x9f4fa0d1423fb3778bae80c762fda38ce930a2439a7e3f0ac145d13572d34690,NewSale
0xf24287eb58615fbf0eaF79c3791211FA9df8Bc08,83297,0x02e21A25F0038fa5BDEe9c0b77aC0c1E84d3d6f0,1954,0xa905b124fcac70756d022784b5fb0c75431267f5,1,500000000000000,35366171,150458,5026340,1743187431,0x4098b72649aad3fe0198a328f7e54d53d2a639ce9492a2506b0c884694c92614,NewSale
0xeAAf169d4551132214EAc065797fE1AeD4E7Fe45,83288,0x02e21A25F0038fa5BDEe9c0b77aC0c1E84d3d6f0,2271,0x5c921c8ff1fbc8ae744457e28b099f7e8edea211,1,500000000000000,35550000,138158,5026342,1743187435,0xee8efc3945633054786356dbcc8505b70e918d4b0fb940a12f6532488b63cf54,NewSale
0x66907de460905CB2fc07d10e2c0031D610247684,82095,0x02e21A25F0038fa5BDEe9c0b77aC0c1E84d3d6f0,2006,0xf27d5eb47e135ea434d03676745f1f7ebfcf8019,1,900000,35520000,178074,5026366,1743187483,0xc3d6bdc7e1739b97fff5a5ad2493ffb06769c3265c05ba1bcb25c9582a495f24,NewSale
0xeAAf169d4551132214EAc065797fE1AeD4E7Fe45,83268,0x02e21A25F0038fa5BDEe9c0b77aC0c1E84d3d6f0,2042,0x5c921c8ff1fbc8ae744457e28b099f7e8edea211,1,500000000000000,35740000,138158,5026381,1743187513,0xf6275822eebc80b44aec3dabf7f155e9921542b26fcae4adfb4841df6c54e59c,NewSale
0x100256960586548D73703507BB33be538ae7A7BF,83248,0x26eA0a7Bd0e3feBc7Cd919Ab46e17b47cb01Cc04,118,0xff7116560005a341f809bb6405260bbb0f2a1b45,1,23450000000000000,35315292,149978,5026386,1743187523,0x28023468575d25f6f9fa8f8d0bbca4a8dc31ad96cbda0b33a1a252e6e843be02,NewSale
0x7b1596CB484b953d4322b69c9c2AF6ddaa9d89bF,83298,0xbc2d6E7c81E7f35473b3594031FCC4c519fD24Ad,0,0x80fe121b69163e17bd4e9cc573652e29e48fa4ae,1,200000000000000,35962014,140578,5026393,1743187537,0x6668b2883e07418d995e6dc32671e4a8c2919014077573b7ea9e318c7f871c9b,NewSale
0x74B0d6c19716a605693CAbfb034b49AD0e818dFe,82047,0x02e21A25F0038fa5BDEe9c0b77aC0c1E84d3d6f0,2277,0xf27d5eb47e135ea434d03676745f1f7ebfcf8019,1,900000,36020000,160974,5026410,1743187571,0xf12a1fe70bfe62119f70fbd31a18a6928dce98e139e67cf4708726f7be5f721b,NewSale
0x74B0d6c19716a605693CAbfb034b49AD0e818dFe,82052,0x02e21A25F0038fa5BDEe9c0b77aC0c1E84d3d6f0,2279,0xf27d5eb47e135ea434d03676745f1f7ebfcf8019,1,900000,36030000,160974,5026423,1743187597,0x1958ae347205f5bd29b915a32d14cb772a405a18268eb3d858486600217c6490,NewSale
0x74B0d6c19716a605693CAbfb034b49AD0e818dFe,82055,0x02e21A25F0038fa5BDEe9c0b77aC0c1E84d3d6f0,2281,0xf27d5eb47e135ea434d03676745f1f7ebfcf8019,1,900000,36300000,160974,5026435,1743187621,0xb54de1068eb84cb0b228cbb819ba27632bf87f5bf73ec824c9e02614cbd6a2b2,NewSale
0xA905b124Fcac70756D022784B5fb0c75431267f5,83302,0x02e21A25F0038fa5BDEe9c0b77aC0c1E84d3d6f0,1954,0xf24287eb58615fbf0eaf79c3791211fa9df8bc08,1,510000000000000,36628285,150458,5026445,1743187641,0x466b561cc519c6bbac5af3875a1adecdf5d879c904548ea263b24c5c59332c98,NewSale
0x74B0d6c19716a605693CAbfb034b49AD0e818dFe,82038,0x02e21A25F0038fa5BDEe9c0b77aC0c1E84d3d6f0,2275,0xf27d5eb47e135ea434d03676745f1f7ebfcf8019,1,900000,36460000,160974,5026448,1743187647,0x67e388a20c51a3fabd3229fa7f2481e981c6c9c6dd8973a7aaa50593fb83d1c8,NewSale
0x74B0d6c19716a605693CAbfb034b49AD0e818dFe,82050,0x02e21A25F0038fa5BDEe9c0b77aC0c1E84d3d6f0,2278,0xf27d5eb47e135ea434d03676745f1f7ebfcf8019,1,900000,36420000,160974,5026460,1743187671,0xe979ea32ee696dfbbbf362e9420f992b51e6e6f8e2f9e9f90f0a0b41a2aed38c,NewSale
0x74B0d6c19716a605693CAbfb034b49AD0e818dFe,82054,0x02e21A25F0038fa5BDEe9c0b77aC0c1E84d3d6f0,2280,0xf27d5eb47e135ea434d03676745f1f7ebfcf8019,1,900000,36660000,160974,5026473,1743187697,0x001cd70230836bc9bc2e4335ee11cde5a9532066c6a69b97baaf247b310db6a5,NewSale
0x74B0d6c19716a605693CAbfb034b49AD0e818dFe,82056,0x02e21A25F0038fa5BDEe9c0b77aC0c1E84d3d6f0,2282,0xf27d5eb47e135ea434d03676745f1f7ebfcf8019,1,900000,36380000,156174,5026487,1743187725,0x9f730f52d08e3973f94fda79cdf8927aeb48248ee43b571c70b61dde747ac0e9,NewSale
0xC0DEc165A5d6e6766Fbc35c977f89535899D0411,74893,0xbc2d6E7c81E7f35473b3594031FCC4c519fD24Ad,0,0xeec533b64b265dfd52fd465aeb49d8e562d9ea32,1,249999990000000,36297256,142201,5026492,1743187735,0xb91d3860b08f7923d53380e85408a0c35b208b432563f53a1a3bd41f5da68f6d,NewSale
0xbA738780cB2b860d68eA8f5d7657BafA810F6d27,83278,0xbc2d6E7c81E7f35473b3594031FCC4c519fD24Ad,1,0x9b5cdb0cb7af8e6f3a8f3ee3277cea683db4098e,1,249900000000000,36160000,152878,5026502,1743187755,0x3ab768e84482349226ef23bb47baeebb8bd77be9136e0da2c3a3de9db7266d44,NewSale
0x1ac47a59b18d89Dc7a0905A0E576B860cc93EBBB,80931,0x02e21A25F0038fa5BDEe9c0b77aC0c1E84d3d6f0,2179,0x1f873c4170609b1c28c087ec286c3cde3d62be72,1,500000000000000,35520000,150458,5026557,1743187865,0xa900dade3130d679d368b65f4f54ec87d96ecb8d890fc6b0166e8a17b9743d34,NewSale
0xbb28e24033ea8E29c372811a10D545F0b1C93A49,82812,0x02e21A25F0038fa5BDEe9c0b77aC0c1E84d3d6f0,2177,0x1f873c4170609b1c28c087ec286c3cde3d62be72,1,500000000000000,35440000,133358,5026570,1743187891,0xec8831edbfbb9610866482cedaa2ba06d386208e2b957b242016d20435f54ce9,NewSale
0x30e385A63834a49d8C27f9a47F57297406336441,83321,0x02e21A25F0038fa5BDEe9c0b77aC0c1E84d3d6f0,2368,0x1f873c4170609b1c28c087ec286c3cde3d62be72,1,490000000000000,35340000,138158,5026581,1743187913,0xdcabb8fa7ae52cf08d30835a1b22bcfcd74de73c6093983838a9a36e306784dc,NewSale
0x230bFf75310590b1Ac4B5Fd4fb34A7cee8282Ea9,76040,0x6aD26D68bFf8cAD6bAaeA257832854e58B08150E,8,0xbabb0e124cdc3f5fdc70c5c0a1ecb84e4b3759c1,1,600000000000000,35416229,164783,5026588,1743187927,0x29bd970d16e8fbe25bba712bd7160e4873acdcb290dfcb62c25e92b6d9e09a2c,NewSale
0x74B0d6c19716a605693CAbfb034b49AD0e818dFe,82049,0xDfC21bE7cC791a5f03A95E836D385bBC6d7dF384,1361,0xf27d5eb47e135ea434d03676745f1f7ebfcf8019,1,900000,35230000,178074,5026589,1743187929,0x05fb47a095f0feff0544823c555b9a0a0f31a06331a7125c9d0e8306c0ad448d,NewSale
0xeAAf169d4551132214EAc065797fE1AeD4E7Fe45,83273,0x02e21A25F0038fa5BDEe9c0b77aC0c1E84d3d6f0,2273,0x1f873c4170609b1c28c087ec286c3cde3d62be72,1,500000000000000,35290000,138158,5026594,1743187939,0x5596636cae8bf6cc37741d5445d32a6af6895864ec36cdd668de0a8fb4766ea7,NewSale
0x66907de460905CB2fc07d10e2c0031D610247684,82090,0xDfC21bE7cC791a5f03A95E836D385bBC6d7dF384,1258,0xf27d5eb47e135ea434d03676745f1f7ebfcf8019,1,900000,35210000,160974,5026602,1743187955,0xcf1afa7312cf4435dcc1dfd7f119f0d37ec6e6fbe6fb978dfd896d34f5c710f9,NewSale
0xeAAf169d4551132214EAc065797fE1AeD4E7Fe45,83274,0x02e21A25F0038fa5BDEe9c0b77aC0c1E84d3d6f0,2276,0x1f873c4170609b1c28c087ec286c3cde3d62be72,1,500000000000000,35220000,133358,5026606,1743187963,0x267bfd0a1b85d965736d4bc0102a59b6e54f04da61e603e16c3e0ca1d68a54d4,NewSale
0x30e385A63834a49d8C27f9a47F57297406336441,83325,0x02e21A25F0038fa5BDEe9c0b77aC0c1E84d3d6f0,2363,0xeafaef9d5cdb805dd9ac7169b8b2372a1f029ed7,1,500000000000000,35210000,155258,5026608,1743187967,0x5df6bff12a107fe2ebcfc9da638bfb0a976e84ec0b50e225de9aa5272495bd72,NewSale
0x66907de460905CB2fc07d10e2c0031D610247684,82093,0xDfC21bE7cC791a5f03A95E836D385bBC6d7dF384,1260,0xf27d5eb47e135ea434d03676745f1f7ebfcf8019,1,900000,35170000,156174,5026621,1743187993,0x345f386cb0a101c862e66ea174b717678c98dc28b25b7ca63af18f74acee0fb6,NewSale
0x5C921c8FF1Fbc8AE744457E28b099f7E8edea211,83309,0x02e21A25F0038fa5BDEe9c0b77aC0c1E84d3d6f0,2271,0x1f873c4170609b1c28c087ec286c3cde3d62be72,1,500000000000000,35200000,138158,5026622,1743187995,0xf417d8f7862af8aebb1bd8dbe992adaeb0a1d1294a399004284b4245c1471ece,NewSale
0x7b1596CB484b953d4322b69c9c2AF6ddaa9d89bF,83319,0xbc2d6E7c81E7f35473b3594031FCC4c519fD24Ad,0,0xef530dba0c0bf455838275e0040102e631901057,1,220000000000000,34928674,135778,5026637,1743188025,0x439d99cc49b377ae858b1d623a74f20985585ce301ecf28f13490f89e57a3f4e,NewSale
0x5C921c8FF1Fbc8AE744457E28b099f7E8edea211,83310,0x02e21A25F0038fa5BDEe9c0b77aC0c1E84d3d6f0,2188,0x1f873c4170609b1c28c087ec286c3cde3d62be72,1,500000000000000,34990000,138158,5026640,1743188031,0x301e08993eb703284a242de8d338b8a062b705a0cb16c25438c3b8f1083d3884,NewSale
0xE7389a2D3efdAA1ef330a4476f423c40Af362e39,80614,0x6EF07dE7778f607b8658e743bd42Ad4Db277d54C,5,0xa1b52e20c51f15d256125b9d8340caea604df620,1,33000000000000000000,34908662,180539,5026652,1743188055,0x7877859aadb1e377faf57316160d5f51d07ba362896ec274f8e266982c3a4ef0,NewSale
0xeF0Ef28b882d166B732d00A01Ea762B9CCd3FE44,83329,0xbc2d6E7c81E7f35473b3594031FCC4c519fD24Ad,1,0xc6d32baaa604ecbbf59312f1bfa2489711ff9614,1,245000000000000,34910000,159289,5026655,1743188061,0x799cfddbcf139e19c5556c6296f5c692ac4e31583770a63e298f71f359f3044c,NewSale
0x5C921c8FF1Fbc8AE744457E28b099f7E8edea211,83314,0x02e21A25F0038fa5BDEe9c0b77aC0c1E84d3d6f0,2360,0x1f873c4170609b1c28c087ec286c3cde3d62be72,1,500000000000000,34860000,138158,5026659,1743188069,0x26cc157d5f472ac99cd15b786f63e6a74c126db0cb254329cf0cb149a1200864,NewSale
0xa8A99BCF880c002Fd7822228239bFEEB99Fb3A75,83326,0xbc2d6E7c81E7f35473b3594031FCC4c519fD24Ad,1,0xc6d32baaa604ecbbf59312f1bfa2489711ff9614,1,249900000000000,34910000,135778,5026667,1743188085,0xb5e4b836588416688e0469e07346556305b5c865e1ffc34e7d0aa4a2055bcaa2,NewSale
0xE7389a2D3efdAA1ef330a4476f423c40Af362e39,80624,0x6EF07dE7778f607b8658e743bd42Ad4Db277d54C,14,0xa1b52e20c51f15d256125b9d8340caea604df620,1,33000000000000000000,34983332,180539,5026671,1743188093,0x2d2490a430c75b8b482f0af6a14ba8c0e317481553a0d31556f937503cb3efd1,NewSale
0x5C921c8FF1Fbc8AE744457E28b099f7E8edea211,83316,0x02e21A25F0038fa5BDEe9c0b77aC0c1E84d3d6f0,2342,0x1f873c4170609b1c28c087ec286c3cde3d62be72,1,500000000000000,34850000,138158,5026675,1743188101,0x2a88a456bfd0a9496269a981af46e2199c8291e3321ad640f5feb84148349fc9,NewSale
0x5C921c8FF1Fbc8AE744457E28b099f7E8edea211,83317,0x02e21A25F0038fa5BDEe9c0b77aC0c1E84d3d6f0,2208,0x1f873c4170609b1c28c087ec286c3cde3d62be72,1,500000000000000,34820000,138158,5026689,1743188129,0xa8a2148f5c1e609b1e2d4bbcdcd950b4d97529dece9394e6690770d122f39f84,NewSale
0xC0DEc165A5d6e6766Fbc35c977f89535899D0411,77663,0xbc2d6E7c81E7f35473b3594031FCC4c519fD24Ad,0,0xc6d32baaa604ecbbf59312f1bfa2489711ff9614,1,249999950000000,34730000,159301,5026691,1743188133,0xb56f842308928dcbc467f39ae8c7536c69ffe9483258effc33af955bee2488ed,NewSale
0xE7389a2D3efdAA1ef330a4476f423c40Af362e39,80702,0x6EF07dE7778f607b8658e743bd42Ad4Db277d54C,25,0xa1b52e20c51f15d256125b9d8340caea604df620,1,33000000000000000000,34590411,180539,5026691,1743188133,0x4cc6434b6caff6c42561b81ff7f4b5782c2f2d2f9ae6a1800614508b08a35312,NewSale
0xC0DEc165A5d6e6766Fbc35c977f89535899D0411,74893,0xbc2d6E7c81E7f35473b3594031FCC4c519fD24Ad,0,0xc6d32baaa604ecbbf59312f1bfa2489711ff9614,1,249999990000000,34360000,142201,5026705,1743188161,0xa749fe73eb70f800f9bc211e85bc52bf177d7a6cd16603ed061108f8c00e1c7c,NewSale
0xE7389a2D3efdAA1ef330a4476f423c40Af362e39,80706,0x6EF07dE7778f607b8658e743bd42Ad4Db277d54C,29,0xa1b52e20c51f15d256125b9d8340caea604df620,1,33000000000000000000,34187431,180539,5026708,1743188167,0x72247deeaf070cfb00580acb2f8eda969d22769093b6285bb744cd25602c3943,NewSale
0x24bA88fc2E82260F6867169D6CD92bd69E3Ed6cF,83292,0xbc2d6E7c81E7f35473b3594031FCC4c519fD24Ad,1,0xc6d32baaa604ecbbf59312f1bfa2489711ff9614,1,249900000000000,34150000,135778,5026725,1743188201,0x5cf3c6a3c8e989b00b43a4a0e9d3d1c8da3c6d788b6ce482b084c04a63750bc4,NewSale
0xE7389a2D3efdAA1ef330a4476f423c40Af362e39,80633,0x6EF07dE7778f607b8658e743bd42Ad4Db277d54C,21,0xa1b52e20c51f15d256125b9d8340caea604df620,1,33000000000000000000,34146624,175739,5026729,1743188209,0x62acba8f618db67866d1d7bb3c954324a144c8ed6359a1eb204bbdb732b7f003,NewSale
0xf24287eb58615fbf0eaF79c3791211FA9df8Bc08,83339,0x02e21A25F0038fa5BDEe9c0b77aC0c1E84d3d6f0,1954,0xa905b124fcac70756d022784b5fb0c75431267f5,1,520000000000000,33777750,150458,5026747,1743188245,0x30a994967ee04e928d3e21c6653170298d0ef7a07878712d580c10bd06abefdb,NewSale
0xeF0Ef28b882d166B732d00A01Ea762B9CCd3FE44,83329,0xbc2d6E7c81E7f35473b3594031FCC4c519fD24Ad,1,0x7b1596cb484b953d4322b69c9c2af6ddaa9d89bf,1,245000000000000,33810000,159289,5026751,1743188253,0x2f1acdcb5ef3ce7ebecfb0c98de45c666fdce225d65d4a68bfd255eff697aaa3,NewSale
0xE7389a2D3efdAA1ef330a4476f423c40Af362e39,80632,0x6EF07dE7778f607b8658e743bd42Ad4Db277d54C,20,0xa1b52e20c51f15d256125b9d8340caea604df620,1,33000000000000000000,33717748,180539,5026753,1743188257,0xe659d04fef4971eadec2fac4024b9a986e83ea469cabe54c1f0440c3df05bec6,NewSale
0x53933737F94522b95860D212E421b4C57d8a89ab,83341,0xbc2d6E7c81E7f35473b3594031FCC4c519fD24Ad,1,0xc6d32baaa604ecbbf59312f1bfa2489711ff9614,1,249900000000000,33730000,135778,5026758,1743188267,0xe0ef261f7d57c5f1ec75eb99f2f209503e73ab44a6f50eb31c4386aa98f194c2,NewSale
0xC0DEc165A5d6e6766Fbc35c977f89535899D0411,77663,0xbc2d6E7c81E7f35473b3594031FCC4c519fD24Ad,0,0xc6d32baaa604ecbbf59312f1bfa2489711ff9614,1,249999950000000,33480000,142201,5026779,1743188309,0x41b8700aa25069645d6e1b48c79ebff9c552294c3e99d55224913bb7b0975785,NewSale
0xE7389a2D3efdAA1ef330a4476f423c40Af362e39,80661,0x6EF07dE7778f607b8658e743bd42Ad4Db277d54C,23,0xa1b52e20c51f15d256125b9d8340caea604df620,1,33000000000000000000,33073377,180539,5026784,1743188319,0x9aa918c0274a4e92a03cc639f047a652e805e55e3ebf5402521ba6d249acd204,NewSale
0x12f3253Aa91040b122f544b241c9CeD0b5943099,83344,0xbc2d6E7c81E7f35473b3594031FCC4c519fD24Ad,1,0xc6d32baaa604ecbbf59312f1bfa2489711ff9614,1,249900000000000,32990000,135778,5026793,1743188337,0x8cb328a3a4d155a650fea7e2482832d77668dcd3219125151221a60f0f7fbda8,NewSale
0xeF0Ef28b882d166B732d00A01Ea762B9CCd3FE44,83329,0xbc2d6E7c81E7f35473b3594031FCC4c519fD24Ad,1,0xfbc2c97d6dc450e807fc82746ba058c332b9338e,1,245000000000000,32763342,159289,5026806,1743188363,0x9678d01fbe19b197384088cca7b6e41bd532ea3fc506f0cda0de64f527ea054c,NewSale
0xE7389a2D3efdAA1ef330a4476f423c40Af362e39,80623,0x6EF07dE7778f607b8658e743bd42Ad4Db277d54C,13,0xa1b52e20c51f15d256125b9d8340caea604df620,1,33000000000000000000,32761691,180539,5026809,1743188369,0x59437f9c2573dfd5080d52b26ab33394de5c54d409a5e5a0300c9aabe1b99e65,NewSale
0x230bFf75310590b1Ac4B5Fd4fb34A7cee8282Ea9,73363,0x6aD26D68bFf8cAD6bAaeA257832854e58B08150E,0,0x38ce7c0ed5401b23b605b7b080f292acbbebf405,1,600000000000000,32780000,164783,5026817,1743188385,0xb57602693cb092e64672e643faef58aa010a104d9748775bed0d4bb777f45101,NewSale
0xeD85a06f1818370a38c1E7bB46A757bC52c2B011,83333,0xbc2d6E7c81E7f35473b3594031FCC4c519fD24Ad,1,0xc6d32baaa604ecbbf59312f1bfa2489711ff9614,1,249900000000000,32610000,135778,5026819,1743188389,0x8757da86a10066ac6c229c0a972052a36e22c75b029b0429b74669a9c9d17f15,NewSale
0xeF0Ef28b882d166B732d00A01Ea762B9CCd3FE44,83329,0xbc2d6E7c81E7f35473b3594031FCC4c519fD24Ad,1,0xe5c9247628c311db31981eb836685707f2f92388,1,245000000000000,32420330,159289,5026827,1743188405,0xd49a9dbb7113fd1a4c265957ef965c43df0977c53862c0ca209440ed9efa6a6e,NewSale
0xE7389a2D3efdAA1ef330a4476f423c40Af362e39,80705,0x6EF07dE7778f607b8658e743bd42Ad4Db277d54C,28,0xa1b52e20c51f15d256125b9d8340caea604df620,1,33000000000000000000,32506153,180539,5026829,1743188409,0x92cf13b126062c6121199a4d58c83784218803dd5c461da5c3c122a4fb909c8e,NewSale
0xe0cd5D4846858aCE30e8747698975d2e237B030c,83279,0xbc2d6E7c81E7f35473b3594031FCC4c519fD24Ad,1,0xc6d32baaa604ecbbf59312f1bfa2489711ff9614,1,249900000000000,32470000,135778,5026847,1743188445,0xcbeda8cfa629ddabdf3db0012c6038aa158bb9d643bd53f71556480a62535147,NewSale
0xE7389a2D3efdAA1ef330a4476f423c40Af362e39,80625,0x6EF07dE7778f607b8658e743bd42Ad4Db277d54C,15,0xa1b52e20c51f15d256125b9d8340caea604df620,1,33000000000000000000,32398679,175739,5026850,1743188451,0x4397895ab55bab94e4fecd009ee8c238a0c011b57e60347023a5c8c7ca902987,NewSale
0xC0DEc165A5d6e6766Fbc35c977f89535899D0411,77663,0xbc2d6E7c81E7f35473b3594031FCC4c519fD24Ad,0,0x0a798bcbb79b7e69ca8358ee08ae26b38368c619,1,249999950000000,32148804,159301,5026865,1743188481,0x247428e9d2a90ae1fc3982054de1e1ddb949fd92728c188f9cfbf65126e53ecc,NewSale
0xeF0Ef28b882d166B732d00A01Ea762B9CCd3FE44,83329,0xbc2d6E7c81E7f35473b3594031FCC4c519fD24Ad,1,0xb0a9e474459fdc92af8b71b16861ad85730dbae6,1,245000000000000,31731806,159289,5026883,1743188517,0x2193d732e20f9d6ba23a350e12a3b6dae14575e47de560cfac2c76848af3fa0a,NewSale
0xC0DEc165A5d6e6766Fbc35c977f89535899D0411,77662,0xbc2d6E7c81E7f35473b3594031FCC4c519fD24Ad,0,0x0a798bcbb79b7e69ca8358ee08ae26b38368c619,1,249999960000000,31497309,142189,5026894,1743188539,0x0e80a3a2d19341dd0fd4c37636a028a8b656d03416c9ed4e1858c5a9d76288d2,NewSale
0x61DB7239707F7c908fdB97b85611D33AC06A4e36,83123,0xdc0F91C5a4D200FfC21658901c77c0fE1A14d199,0,0xe5eac413d9ba1e879131b124081a2d6cdcabf629,1,1700000,30010000,198868,5026979,1743188709,0xadd6023ceadb751c14e4f5d5d2d7c29740ef8c3b3ba903ee62104c188ba8eaa7,NewSale
0xeF0Ef28b882d166B732d00A01Ea762B9CCd3FE44,83329,0xbc2d6E7c81E7f35473b3594031FCC4c519fD24Ad,1,0x7c1a642a3666644b604f9b0dfebcf9832b0bf21f,1,245000000000000,29419482,159289,5027015,1743188781,0x6fd4ab7b221af890fad8018c47b7c956de2bf59bfdb835d96a694e23be993cbb,NewSale
0x675AE26b90ec4a16cE0Df8723c545f01F2Cfe5C7,83360,0xbc2d6E7c81E7f35473b3594031FCC4c519fD24Ad,1,0x48f433785c42bdcf27dbb29ea0a129ad3d7d2a9b,1,210000000000000,29044410,157678,5027032,1743188815,0xdabb3e4a5f4356be7f15ca9baabbc36a834e9bb82d040f9ec7b87c4670754ca0,NewSale
0xA905b124Fcac70756D022784B5fb0c75431267f5,83371,0x02e21A25F0038fa5BDEe9c0b77aC0c1E84d3d6f0,1954,0xf24287eb58615fbf0eaf79c3791211fa9df8bc08,1,550000000000000,28703039,150458,5027048,1743188847,0xd78a6e52711361a6f49e3239c67cb9cf263886737979bb5c519a9015c9fe38af,NewSale
0xeF0Ef28b882d166B732d00A01Ea762B9CCd3FE44,83329,0xbc2d6E7c81E7f35473b3594031FCC4c519fD24Ad,1,0x15dec9c249f246892f6673a93129efeced428ce3,1,245000000000000,28630000,159289,5027057,1743188865,0x7ce5292660b2a4131911dce5121d2a33291f3b0200b57eef1a52b530619afa2c,NewSale
0xc362596B64FfdFDE97D771e6539DbDf4E6486c61,83110,0xbc2d6E7c81E7f35473b3594031FCC4c519fD24Ad,0,0x7baae4eab0e08ebb47f0b39acd77e390d4f321cf,1,1000000,28580000,173550,5027061,1743188873,0xb3a2f9d42616ef9b23d4cb9138a386fe3061a90e31742d9785eff781998f1860,NewSale
0xc362596B64FfdFDE97D771e6539DbDf4E6486c61,83113,0xbc2d6E7c81E7f35473b3594031FCC4c519fD24Ad,0,0x7baae4eab0e08ebb47f0b39acd77e390d4f321cf,1,1000000,28420000,173550,5027076,1743188903,0x0a67789a0ad1209e7b80dca640168e4ea5140160c72fc33cbda78dec6ee9fadd,NewSale
0xc362596B64FfdFDE97D771e6539DbDf4E6486c61,83119,0xbc2d6E7c81E7f35473b3594031FCC4c519fD24Ad,0,0x7baae4eab0e08ebb47f0b39acd77e390d4f321cf,1,1000000,28360000,173550,5027090,1743188931,0x2cfd6bd02e4ac72927660e4e6afe57ed02ecf94336a7780c28b653158d04f393,NewSale
0xc362596B64FfdFDE97D771e6539DbDf4E6486c61,83129,0xbc2d6E7c81E7f35473b3594031FCC4c519fD24Ad,0,0x7baae4eab0e08ebb47f0b39acd77e390d4f321cf,1,1000000,28060000,173550,5027105,1743188961,0x285ac858715e4bb1f3bfb055ccb8e853ca11232b088b62886037b32c6a76c856,NewSale
0xB2FaCaaD3f2fB881A8b9D5b8cCF8419818a9D148,83354,0xdc0F91C5a4D200FfC21658901c77c0fE1A14d199,0,0x30e385a63834a49d8c27f9a47f57297406336441,1,500000000000000,27919463,145383,5027114,1743188979,0x6194b03a718f8648811743f838adc2322840010f2581c955a810739aaef3a252,NewSale
0xeF0Ef28b882d166B732d00A01Ea762B9CCd3FE44,83329,0xbc2d6E7c81E7f35473b3594031FCC4c519fD24Ad,1,0x15dec9c249f246892f6673a93129efeced428ce3,1,245000000000000,27940000,142189,5027117,1743188985,0x5bb89249dcb10f3164ff96ccb1cbbdb14e509befa89ac06f3d60350200d00e1a,NewSale
0xc362596B64FfdFDE97D771e6539DbDf4E6486c61,82920,0xbc2d6E7c81E7f35473b3594031FCC4c519fD24Ad,0,0x7baae4eab0e08ebb47f0b39acd77e390d4f321cf,1,1100000,27870000,173550,5027119,1743188989,0x7c391779bf497f17567d9fe3a4e88dd3909a210d54cca0f96113c4092c7b3725,NewSale
0xeF0Ef28b882d166B732d00A01Ea762B9CCd3FE44,83171,0xbc2d6E7c81E7f35473b3594031FCC4c519fD24Ad,1,0x7baae4eab0e08ebb47f0b39acd77e390d4f321cf,1,810000,27580000,192261,5027139,1743189029,0xb81193df84266fd24d6b8dcf37b6625d75d022b3f48bc317c2c6bfa88f47b649,NewSale
0xeF0Ef28b882d166B732d00A01Ea762B9CCd3FE44,83171,0xbc2d6E7c81E7f35473b3594031FCC4c519fD24Ad,1,0x7baae4eab0e08ebb47f0b39acd77e390d4f321cf,1,810000,26990000,175161,5027155,1743189061,0x825728c71b389f8f11588dac30b7ec80c0ba5de070ebd0ab7998b46c61df88be,NewSale
0xeF0Ef28b882d166B732d00A01Ea762B9CCd3FE44,83329,0xbc2d6E7c81E7f35473b3594031FCC4c519fD24Ad,1,0x15dec9c249f246892f6673a93129efeced428ce3,1,245000000000000,26830000,142189,5027164,1743189079,0x1f93f8aa4632539bcec1b35d3a7e8d25293a0b5ebf6933cc40222dac1bb5e93c,NewSale
0xeF0Ef28b882d166B732d00A01Ea762B9CCd3FE44,83171,0xbc2d6E7c81E7f35473b3594031FCC4c519fD24Ad,1,0x7baae4eab0e08ebb47f0b39acd77e390d4f321cf,1,810000,26810000,175161,5027171,1743189093,0xa1e7072dfadfdbc44ee3661cc7191d1d29b0e8cb101601d0ecc04db4429aa67d,NewSale
0xB99F9b23132eDb0705e7307784536459eaAe5cAF,83366,0xbc2d6E7c81E7f35473b3594031FCC4c519fD24Ad,1,0x7038dc77cf843b6af25c7dd8f7c14799eac4b920,1,200000000000000,26401492,135778,5027180,1743189111,0xa8deb58e9f04b63265c43e405ef071f1234ae092694df1001ed1392de88d8320,NewSale
0xeF0Ef28b882d166B732d00A01Ea762B9CCd3FE44,83171,0xbc2d6E7c81E7f35473b3594031FCC4c519fD24Ad,1,0x7baae4eab0e08ebb47f0b39acd77e390d4f321cf,1,810000,26460000,175161,5027184,1743189119,0x78980122ba611e2caba06b911376def51a1b3b7236ec014f5ef5016da0a3a8e6,NewSale
0xa014c1BD145a9CAf23bD60154B1Dc482C1Fb6893,83406,0xbc2d6E7c81E7f35473b3594031FCC4c519fD24Ad,1,0x61b5102b0c1e9590742400d29776e1044889a046,1,249900000000000,24487429,135766,5027231,1743189213,0x271eef78eaa1671ca5fc03c5ec00cddcbbe0e3b2518e7c703e640037f2b12111,NewSale
0x8A92D5d1e86993cADaD3E3460c030442109f2B17,83394,0xdc0F91C5a4D200FfC21658901c77c0fE1A14d199,0,0x2efa30d93081b156bc7d8b6c06fd47df47ed9c48,1,1670000,25560000,220768,5027235,1743189221,0x3d6adefddffd7e9ccc53cf1312d3f157e9efc657f9f90ba992c796e77d960f99,NewSale
0xeF0Ef28b882d166B732d00A01Ea762B9CCd3FE44,83329,0xbc2d6E7c81E7f35473b3594031FCC4c519fD24Ad,1,0x15dec9c249f246892f6673a93129efeced428ce3,1,245000000000000,25480000,140578,5027236,1743189223,0x7445b999a136aa2fec87972df61d8ddc1dcb27c896604a43d69a68e31753df33,NewSale
0xF8aD0a72fd2Bb99bC09ffF1492d891D4460498C5,83387,0xbc2d6E7c81E7f35473b3594031FCC4c519fD24Ad,1,0xcdcbe656299c4300ddb45ce5528e81cbf919fd28,1,249900000000000,25260000,135766,5027245,1743189241,0x3526ed059503f0d0f794c697ad44f8adc9dff22c0c719bd004eb7f02083b7747,NewSale
0x675AE26b90ec4a16cE0Df8723c545f01F2Cfe5C7,83378,0xbc2d6E7c81E7f35473b3594031FCC4c519fD24Ad,1,0xfbc2c97d6dc450e807fc82746ba058c332b9338e,1,200000000000000,24834552,140578,5027256,1743189263,0x030ad7a9144e4f1c4ef425657c5a37a4411b08fe8fa5199db61644bc552966b7,NewSale
0x48F433785c42bDCF27Dbb29EA0A129ad3D7d2A9B,83399,0xbc2d6E7c81E7f35473b3594031FCC4c519fD24Ad,1,0x61b5102b0c1e9590742400d29776e1044889a046,1,210000000000000,23527103,135766,5027279,1743189309,0xc55fdea97b2abb42588b0c68ffbbdebdb27a1714e71a8b0bdfab119df69a9c73,NewSale
0x23AD303D03Cb9e78f64bE03ADB39633a49D5d20c,83352,0xbc2d6E7c81E7f35473b3594031FCC4c519fD24Ad,1,0xfbc2c97d6dc450e807fc82746ba058c332b9338e,1,249900000000000,24103999,135778,5027316,1743189383,0xe3cd4c931f3236accbf4ff89c1f463ac27676eac9f6c59b149b83c60076a843a,NewSale
0xA60232f6C4AA5Fb527e60cAA8399CDd67ea62541,83410,0xbc2d6E7c81E7f35473b3594031FCC4c519fD24Ad,1,0xb554b58c1c362dd54de5ac96775da316f976fd0d,1,249900000000000,24060000,135778,5027330,1743189411,0x116e4a07f2de3b36662cbded2c5c6a3989ed6fd0ed8507a9c247df69eae8d107,NewSale
0x675AE26b90ec4a16cE0Df8723c545f01F2Cfe5C7,83395,0xbc2d6E7c81E7f35473b3594031FCC4c519fD24Ad,1,0x23f9a5d4fab8719d154b881241bc6658eee863f2,1,200000000000000,22932411,157678,5027331,1743189413,0xe187868db8bf9cdf3e4cac532153dd60b386c3f1f666e3bfe50e2ce09f3c38fa,NewSale
0x01D657d98C0D41e78692BD2AC37A32078Ed4A4cb,83389,0xdc0F91C5a4D200FfC21658901c77c0fE1A14d199,0,0xcdcbe656299c4300ddb45ce5528e81cbf919fd28,1,650000000000000,23810000,150171,5027337,1743189425,0x4733aba35cecb2052ee658d0ff9328aa5b5033c71c9a8d49763cd82facc0574f,NewSale
0x38cE7C0ED5401b23b605B7b080F292ACbBebF405,83357,0x6aD26D68bFf8cAD6bAaeA257832854e58B08150E,0,0x61b5102b0c1e9590742400d29776e1044889a046,1,550000000000000,22742564,162471,5027349,1743189449,0x0a84196c218865854a97446fa02dad0f50a050a339804fe540c488a88f5a6f45,NewSale
0x52B6255b7810d97De8F751737547D1792dff4fe0,83390,0xEB255E4669Da7FeEf1F746a5a778b4e08b65a1A7,0,0xcdcbe656299c4300ddb45ce5528e81cbf919fd28,1,551000000000000,23460000,145371,5027368,1743189487,0xd55259383d5d5036c390c7a02d03247bc3de9ab048b2860c49b94da3fe5b5153,NewSale
0x7C1A642A3666644B604F9b0DFEbCF9832B0Bf21f,83408,0xbc2d6E7c81E7f35473b3594031FCC4c519fD24Ad,1,0x23f9a5d4fab8719d154b881241bc6658eee863f2,1,240000000000000,22322587,135766,5027390,1743189531,0x776914075d1e76fa5cca88785319e926f9fcab4c2415e35a64b3f2b1ec3e0a00,NewSale
0x01D657d98C0D41e78692BD2AC37A32078Ed4A4cb,83401,0xdc0F91C5a4D200FfC21658901c77c0fE1A14d199,0,0x61b5102b0c1e9590742400d29776e1044889a046,1,650000000000000,22077291,150171,5027402,1743189555,0x5acd55067b6d974e4401c60fd2a6f0469429c38f465b0058e56b3346dd66fc8a,NewSale
0x15fAA87015a94D2557bFa21C729EC52227abF87b,83365,0xbc2d6E7c81E7f35473b3594031FCC4c519fD24Ad,1,0x23f9a5d4fab8719d154b881241bc6658eee863f2,1,249900000000000,21675130,135778,5027430,1743189611,0xfb47bd539e0ddcaeefe2cf427152ce404c04da73b2708870e8e980b17ba48da3,NewSale
0x52B6255b7810d97De8F751737547D1792dff4fe0,83407,0x7e5F161dd824d98AC3474eBf550716d0cb83E8C6,1,0xb554b58c1c362dd54de5ac96775da316f976fd0d,1,551000000000000,22580000,162483,5027448,1743189647,0x310efbe7cb14a431f644b5102de82db5787b58052f74726dab5cf0fc95028800,NewSale
0x01D657d98C0D41e78692BD2AC37A32078Ed4A4cb,83404,0xdc0F91C5a4D200FfC21658901c77c0fE1A14d199,0,0x61b5102b0c1e9590742400d29776e1044889a046,1,650000000000000,21500944,150171,5027448,1743189647,0xf921b92ca75710f56f9d0ede691dd7d7426a47c3b38156aa2ca678b57c3bc65f,NewSale
0xBe5aF0a07Ddba431458D0231B173a0A31bF66413,83412,0xbc2d6E7c81E7f35473b3594031FCC4c519fD24Ad,1,0xe5c9247628c311db31981eb836685707f2f92388,1,249900000000000,22304651,135778,5027462,1743189675,0xa767da10f5f51f52c8fdf3053adbb6acbe4cc05eb14d26c674328fa81be1c13e,NewSale
0xE5c9247628C311DB31981eb836685707F2f92388,83370,0xbc2d6E7c81E7f35473b3594031FCC4c519fD24Ad,1,0xfbc2c97d6dc450e807fc82746ba058c332b9338e,1,240000000000000,21770747,140566,5027489,1743189729,0x235a7708429b16334f16224ff387c3016a79ea65a19cf7071a476da741749a5c,NewSale
0xb0a9e474459FDC92Af8B71B16861AD85730dbAE6,83364,0xbc2d6E7c81E7f35473b3594031FCC4c519fD24Ad,1,0x7b1596cb484b953d4322b69c9c2af6ddaa9d89bf,1,245000000000000,22070000,135778,5027518,1743189787,0x1264eb34646a855b18da4b0abc742786c15f2b48b42647a29acbea3aa19c7965,NewSale
0x30e385A63834a49d8C27f9a47F57297406336441,83385,0x02e21A25F0038fa5BDEe9c0b77aC0c1E84d3d6f0,2378,0xcdcbe656299c4300ddb45ce5528e81cbf919fd28,1,499000000000000,22060000,138146,5027519,1743189789,0x70e4425a875a6786dba1306d699ba120870273400bf066d8674319c73cb41ab9,NewSale
0x14BeD8B35CD190e50EcF0672A31905A2Fc8C281C,83348,0xbc2d6E7c81E7f35473b3594031FCC4c519fD24Ad,1,0x95a975f513ef81e2b80a5644772f1c400698c0df,1,249900000000000,22060000,152878,5027532,1743189815,0x0319ef8368c97235617e682b77d186083609293485486420bfc70d87e215f1c4,NewSale
0x504c77F12755EBEbDa17a79c8D164C869DB83C9B,83397,0xbc2d6E7c81E7f35473b3594031FCC4c519fD24Ad,1,0x61b5102b0c1e9590742400d29776e1044889a046,1,249900000000000,21042146,135766,5027540,1743189831,0x44e3f329107c9fa8eb6d64ccdb770f68b5081e9085685227742f9d60d203af25,NewSale
0xC0DEc165A5d6e6766Fbc35c977f89535899D0411,77662,0xbc2d6E7c81E7f35473b3594031FCC4c519fD24Ad,0,0x95a975f513ef81e2b80a5644772f1c400698c0df,1,249999960000000,22000000,159289,5027543,1743189837,0xf34f54e33ae9bfeacb15b60e5aef08dc9eee290a5dc82c9d792fe3d96f0ba88b,NewSale
0xC0DEc165A5d6e6766Fbc35c977f89535899D0411,77663,0xbc2d6E7c81E7f35473b3594031FCC4c519fD24Ad,0,0x23f9a5d4fab8719d154b881241bc6658eee863f2,1,249999950000000,21044140,142201,5027549,1743189849,0xcb2b0b2b9b8624f30ede1ae670ae88bc5f5ef38dbc8623770162424cf4693832,NewSale
0xC0DEc165A5d6e6766Fbc35c977f89535899D0411,77661,0xbc2d6E7c81E7f35473b3594031FCC4c519fD24Ad,0,0x95a975f513ef81e2b80a5644772f1c400698c0df,1,249999970000000,21970000,142201,5027555,1743189861,0x4ae6bb9dedf8aebea9e94c9de6ee1814e16c6e6eef4ba062c7a4814f0d75b17b,NewSale
0xC0DEc165A5d6e6766Fbc35c977f89535899D0411,77659,0xbc2d6E7c81E7f35473b3594031FCC4c519fD24Ad,0,0x95a975f513ef81e2b80a5644772f1c400698c0df,1,249999980000000,21930000,142177,5027565,1743189881,0xbea1660e4fe9022a4dad0d3ac2ffda5dab1760901ac5ba0943b869222af2496b,NewSale
0x2Fb49876f765537F8fab95f0503EEb99f0c4f7F1,83358,0xbc2d6E7c81E7f35473b3594031FCC4c519fD24Ad,1,0xfbc2c97d6dc450e807fc82746ba058c332b9338e,1,249900000000000,21765329,135778,5027574,1743189899,0xeaf1fb469fc0758c4373e6d9984c56a718843cd7d8288220844c52c831cd470c,NewSale
0xC0DEc165A5d6e6766Fbc35c977f89535899D0411,77661,0xbc2d6E7c81E7f35473b3594031FCC4c519fD24Ad,0,0x95a975f513ef81e2b80a5644772f1c400698c0df,1,249999970000000,21800000,142201,5027576,1743189903,0xd37196763660e231ce0e31e5527ab980917de36a916afa2897058557bca08bf2,NewSale
0xC0DEc165A5d6e6766Fbc35c977f89535899D0411,77661,0xbc2d6E7c81E7f35473b3594031FCC4c519fD24Ad,0,0x7b1596cb484b953d4322b69c9c2af6ddaa9d89bf,1,249999970000000,21800000,159301,5027578,1743189907,0xcac7433168ae973f37dad380ee100afe43e122bc211b5a080aaab4777b40a611,NewSale
0xD15174cdb1Bb9C30D43d5bCc66487f3c9599F9FB,83373,0xbc2d6E7c81E7f35473b3594031FCC4c519fD24Ad,1,0x95a975f513ef81e2b80a5644772f1c400698c0df,1,249900000000000,21750000,135778,5027586,1743189923,0xb633efefd00749bf355faf102aa88104429dc13ecd50589f769d404facd2d9cb,NewSale
0x164609fe5aE90Ee2110Fb9DF0b8E434e4EA313e3,83416,0xdc0F91C5a4D200FfC21658901c77c0fE1A14d199,0,0x3c442750b9e51483dc1356ba3fedebd77c0f882a,1,590000000000000,20290843,162483,5027620,1743189991,0xebb18ab069a9cccbed3bafa184e519af9f15758cd55c1ea66fc0cfd07ee45fbb,NewSale
0x095b561D5523c29e523aEF09C7f05692ee6696AC,83379,0xbc2d6E7c81E7f35473b3594031FCC4c519fD24Ad,1,0xfbc2c97d6dc450e807fc82746ba058c332b9338e,1,249900000000000,21278927,135778,5027621,1743189993,0xb92bcab9fbb779399642301872c52ae8ed8527e3107fc781206ae2abe559fef2,NewSale
0xC0DEc165A5d6e6766Fbc35c977f89535899D0411,77663,0xbc2d6E7c81E7f35473b3594031FCC4c519fD24Ad,0,0x23f9a5d4fab8719d154b881241bc6658eee863f2,1,249999950000000,20315210,142201,5027632,1743190015,0xc7398fab5602e6e9b4361ef08759b79f62e70efc573e2a5acf53f693462e8e4c,NewSale
0xC0DEc165A5d6e6766Fbc35c977f89535899D0411,77661,0xbc2d6E7c81E7f35473b3594031FCC4c519fD24Ad,0,0x7b1596cb484b953d4322b69c9c2af6ddaa9d89bf,1,249999970000000,21190000,142201,5027660,1743190071,0x6508c5f125bae853fa8e88f9a43544bbd6f544de45ed30805eb4fd3da0e9bd1c,NewSale
0xC0DEc165A5d6e6766Fbc35c977f89535899D0411,77663,0xbc2d6E7c81E7f35473b3594031FCC4c519fD24Ad,0,0xfbc2c97d6dc450e807fc82746ba058c332b9338e,1,249999950000000,21141648,142201,5027660,1743190071,0xde79faf09fe70e43ac83c6036104c56972d92168f99207e690bcbce66a586446,NewSale
0x7D42Fee4F35c626C6dA2cF9A5460490658d62973,83437,0xbc2d6E7c81E7f35473b3594031FCC4c519fD24Ad,0,0x23f9a5d4fab8719d154b881241bc6658eee863f2,1,150000000000000,20166068,135778,5027670,1743190091,0xe6e98f873580155da55a318b57b963f9ab3c60e5392683b1bda046f4b53293d9,NewSale
0x56541d71bD91d41a02647394731257a1284Ed65B,83440,0xbc2d6E7c81E7f35473b3594031FCC4c519fD24Ad,0,0xd21aeb00d9501ce0ea2fd442bcf3cd8ddb6de7be,1,0,20927642,116488,5027694,1743190139,0x137996ea32375c3ef3da9f4768f9ca2feff0c91b3f0b95954caae2e50eb720b2,NewSale
0xC0DEc165A5d6e6766Fbc35c977f89535899D0411,77662,0xbc2d6E7c81E7f35473b3594031FCC4c519fD24Ad,0,0xfbc2c97d6dc450e807fc82746ba058c332b9338e,1,249999960000000,20867770,142189,5027697,1743190145,0xba13660a63edc77d57cd39da9be62efaa9586b4624ef078995e4b0a71012269e,NewSale
0x7D42Fee4F35c626C6dA2cF9A5460490658d62973,83431,0xEB255E4669Da7FeEf1F746a5a778b4e08b65a1A7,0,0x23f9a5d4fab8719d154b881241bc6658eee863f2,1,200000000000000,19937254,162471,5027701,1743190153,0x81f28fd442ab18cbb8b0c26604aab38535208e886879e616953db0dbf67e1902,NewSale
0xE5c9247628C311DB31981eb836685707F2f92388,83442,0xbc2d6E7c81E7f35473b3594031FCC4c519fD24Ad,1,0xd21aeb00d9501ce0ea2fd442bcf3cd8ddb6de7be,1,220000000000000,20977525,152866,5027718,1743190187,0x41d81e8fd0e1b457c542489db19e11dad649d7b001cca558805abc2e3682d9b2,NewSale
0xC0DEc165A5d6e6766Fbc35c977f89535899D0411,77663,0xbc2d6E7c81E7f35473b3594031FCC4c519fD24Ad,0,0xd21aeb00d9501ce0ea2fd442bcf3cd8ddb6de7be,1,249999950000000,21056560,142189,5027729,1743190209,0xe3794685878ebff7889480a5bfb09d7628530be8a1f08d75e1da4709a3ad5180,NewSale
0xC0DEc165A5d6e6766Fbc35c977f89535899D0411,77661,0xbc2d6E7c81E7f35473b3594031FCC4c519fD24Ad,0,0xfbc2c97d6dc450e807fc82746ba058c332b9338e,1,249999970000000,21018953,142201,5027731,1743190213,0x0a63d8833e3bf3484b847e088ddd504482dabc5febdc4034908b88ee37f3aac6,NewSale
0xC0DEc165A5d6e6766Fbc35c977f89535899D0411,77663,0xbc2d6E7c81E7f35473b3594031FCC4c519fD24Ad,0,0xd21aeb00d9501ce0ea2fd442bcf3cd8ddb6de7be,1,249999950000000,21089381,142189,5027740,1743190231,0x418c1e76a6c21e1dc0a926c2b4055b9dddc05637a149719f7723690a0e0f87c1,NewSale
0x5037ec1560AA918e8f9E2405D8590F8Fd3BA6658,83426,0x02e21A25F0038fa5BDEe9c0b77aC0c1E84d3d6f0,2029,0xef41421593f0211154665670ffb925c63243c3c6,1,498990000000000,21060000,155258,5027742,1743190235,0x5b1b59c282fea2f83a3e2001d01590742b41133c2dbbe4d965307e49d3597569,NewSale
0x41f07238C5096Eb7eb68c50FE8AE5AdDECBBF5C2,80655,0xbFCACb23F0B41EeEDFf7d04f52CE8f5125150806,5,0x9b0cec1e3bbbff6b667c7ccf8c78c0898f0adfc0,1,500000000000000,21050000,164783,5027745,1743190241,0xcd8969ff296513caabee3bd339cddf1dc465eb3327b0b44a95980e7640800b4f,NewSale
0x3e8055A30C4db8a6e05e27622DfB30c3DB0b2eFa,81432,0xbc2d6E7c81E7f35473b3594031FCC4c519fD24Ad,0,0xd21aeb00d9501ce0ea2fd442bcf3cd8ddb6de7be,1,270000000000000,21108840,140566,5027750,1743190251,0xf3a66f5359cd2d6b833dcc7159cd94d6016a2dfcf2f79d13d44c77e9bca57906,NewSale
0x9D3732727D5d56C2234264aB0154111EB91dD0CA,83438,0x02e21A25F0038fa5BDEe9c0b77aC0c1E84d3d6f0,2357,0xa6e6fa716b55a08f3f75e8b99d954725bbf56927,1,498900000000000,20999249,155258,5027761,1743190273,0x60add2ac580367cdda1f853cd34c6cb4d616839466f038aba4b2e9166ec42205,NewSale
0xC0DEc165A5d6e6766Fbc35c977f89535899D0411,77663,0xbc2d6E7c81E7f35473b3594031FCC4c519fD24Ad,0,0xf1736da62d1c2ef2582bf6d4a98bbf412e6dce52,1,249999950000000,21032864,142201,5027768,1743190287,0x54b0160dc7adb43f6b144ba34553e2c389102fb5d8c9c8181c58af90e599388f,NewSale
0xC0DEc165A5d6e6766Fbc35c977f89535899D0411,77663,0xbc2d6E7c81E7f35473b3594031FCC4c519fD24Ad,0,0xd21aeb00d9501ce0ea2fd442bcf3cd8ddb6de7be,1,249999950000000,20932864,142189,5027768,1743190287,0x49df3adc651e7e3c3a38b47d7b07a440185f3a03112e08b2de1729e261e229b8,NewSale
0x9D3732727D5d56C2234264aB0154111EB91dD0CA,83435,0x02e21A25F0038fa5BDEe9c0b77aC0c1E84d3d6f0,2356,0xa6e6fa716b55a08f3f75e8b99d954725bbf56927,1,498900000000000,20826498,138158,5027774,1743190299,0x77b4d17574d4c86f95c88a97252d920dffef9287d463d2ff93eec320e9ca88f0,NewSale
0xC0DEc165A5d6e6766Fbc35c977f89535899D0411,77663,0xbc2d6E7c81E7f35473b3594031FCC4c519fD24Ad,0,0x5e60b0140f8d37b1b1ea09c9cd8fe2f1f44d5d4c,1,249999950000000,20840000,142201,5027779,1743190309,0x1e1805db386fa73d3496e669b60074b5afb847b68ca996ebf098d523b57ce430,NewSale
0xC0DEc165A5d6e6766Fbc35c977f89535899D0411,77663,0xbc2d6E7c81E7f35473b3594031FCC4c519fD24Ad,0,0xd21aeb00d9501ce0ea2fd442bcf3cd8ddb6de7be,1,249999950000000,20822196,142189,5027779,1743190309,0x3a1930f3fcb09eb53197c776751c98bc65bcee40dfdd9bc14a32ab935f4d7a31,NewSale
0xC0DEc165A5d6e6766Fbc35c977f89535899D0411,77659,0xbc2d6E7c81E7f35473b3594031FCC4c519fD24Ad,0,0xfbc2c97d6dc450e807fc82746ba058c332b9338e,1,249999980000000,20822196,142177,5027779,1743190309,0xa8632adf57698978d62842823d6ac12661896fab998a1edf447511798dc55f6f,NewSale
0xbAa9672503be4067CCc6eBB08BEe52af3e0b3b4C,83433,0x2Bf46D4497e98FbA2304B0d2453922FFf559Ea02,84,0xa6e6fa716b55a08f3f75e8b99d954725bbf56927,1,630000000000000,20634062,164783,5027790,1743190331,0xa05959fa33552b22caf5401ba289fcc98b8e232ec2060ae7d1613f1fa6fec6e1,NewSale
0x5F3522d9d351413aAE957146BA17f5DcfaD945f3,81523,0xbc2d6E7c81E7f35473b3594031FCC4c519fD24Ad,1,0xd21aeb00d9501ce0ea2fd442bcf3cd8ddb6de7be,1,270000000000000,20634062,135766,5027790,1743190331,0x5e689edab7c4682536964d6350031e4dafae26dfdeab824de9407af89e93f8e8,NewSale
0xD522cEa188322971A6a67340823B9ffcB6E9B34A,81531,0xbc2d6E7c81E7f35473b3594031FCC4c519fD24Ad,1,0xd21aeb00d9501ce0ea2fd442bcf3cd8ddb6de7be,1,270000000000000,20586977,140566,5027802,1743190355,0x104b04ab293fdf9aa0b9c3c0b102a4be8075c1b3dcf76cc0518bdb4b2e52b59c,NewSale
0xC0DEc165A5d6e6766Fbc35c977f89535899D0411,77663,0xbc2d6E7c81E7f35473b3594031FCC4c519fD24Ad,0,0xf1736da62d1c2ef2582bf6d4a98bbf412e6dce52,1,249999950000000,20629426,142201,5027806,1743190363,0xf81ed5ada21b5dc263a44681bc5fba8dca8d378023ec72083c73b53b2c3c435b,NewSale
0xC0DEc165A5d6e6766Fbc35c977f89535899D0411,77663,0xbc2d6E7c81E7f35473b3594031FCC4c519fD24Ad,0,0xd72a2f6e5e9d4c24e16b4c1b3a7e4647d84104bb,1,249999950000000,20616081,142201,5027809,1743190369,0x745f18d3d776c5389c65ff7b4004712d75c987f7de64f2c987d6c1fdbdaec85b,NewSale
0xC0DEc165A5d6e6766Fbc35c977f89535899D0411,77663,0xbc2d6E7c81E7f35473b3594031FCC4c519fD24Ad,0,0x23f9a5d4fab8719d154b881241bc6658eee863f2,1,249999950000000,19554013,142201,5027815,1743190381,0x3cc7c9209d8cdc73137a2375eb2a20e476e0b0863d1ba4624e421e42c38a9e28,NewSale
0xE5c9247628C311DB31981eb836685707F2f92388,83445,0xbc2d6E7c81E7f35473b3594031FCC4c519fD24Ad,0,0xd21aeb00d9501ce0ea2fd442bcf3cd8ddb6de7be,1,230000000000000,20417261,135766,5027817,1743190385,0xc21aeacbff4e69b6f175efb8e4eda1f273761ae1f466e367c6f94a70b409ac36,NewSale
0xC0DEc165A5d6e6766Fbc35c977f89535899D0411,77661,0xbc2d6E7c81E7f35473b3594031FCC4c519fD24Ad,0,0x23f9a5d4fab8719d154b881241bc6658eee863f2,1,249999970000000,19451356,142201,5027827,1743190405,0x3d0b02772023a56a1ae80edc69d8c9cc22d3e20cc538f97a7bc5746d0a857fa3,NewSale
0x75265C6008C4dBE8384E5225B0B21Ca8Dc1B77C7,83173,0x897d1cBBeDC44c8371672e8cA72555b5194D6D86,0,0x49084a8d580abf62af75cf87b9bf4dca66c26558,1,1000000000000000,19309028,145399,5027838,1743190427,0xeea06727fc58a3d0e1ec779392074dbba01284528c98996a10502f5805a02665,NewSale
0x29f7812E57c8FD7BB50851f7D64A4937EA36a69C,81536,0xbc2d6E7c81E7f35473b3594031FCC4c519fD24Ad,1,0x5e60b0140f8d37b1b1ea09c9cd8fe2f1f44d5d4c,1,270000000000000,20340000,152878,5027844,1743190439,0x48f983420f37256b86ab64e9ff3c631e9ccebbba2bc4417ce7bd3d320d3bae35,NewSale
0xC0DEc165A5d6e6766Fbc35c977f89535899D0411,77663,0xbc2d6E7c81E7f35473b3594031FCC4c519fD24Ad,0,0xf1736da62d1c2ef2582bf6d4a98bbf412e6dce52,1,249999950000000,20284197,142201,5027846,1743190443,0xf79d4b949d4218f75d3e8ccebc83d62205aea26df9f0af625129324d4dae266c,NewSale
0xC0DEc165A5d6e6766Fbc35c977f89535899D0411,77661,0xbc2d6E7c81E7f35473b3594031FCC4c519fD24Ad,0,0x23f9a5d4fab8719d154b881241bc6658eee863f2,1,249999970000000,19304274,142201,5027849,1743190449,0xbcd0676d67da89aeb3879a0cd4b51745c4a069b3ddf643bfef2bc42e9054b1ab,NewSale
0xC0DEc165A5d6e6766Fbc35c977f89535899D0411,77662,0xbc2d6E7c81E7f35473b3594031FCC4c519fD24Ad,0,0xf1736da62d1c2ef2582bf6d4a98bbf412e6dce52,1,249999960000000,20232865,142189,5027862,1743190475,0xd1e74e1662a7acaba3feb09c8ffcd13c1ae6616eb38c29fa9bbdf62e1295c2fc,NewSale
0xC0DEc165A5d6e6766Fbc35c977f89535899D0411,77662,0xbc2d6E7c81E7f35473b3594031FCC4c519fD24Ad,0,0xf1736da62d1c2ef2582bf6d4a98bbf412e6dce52,1,249999960000000,20226577,142189,5027879,1743190509,0x2b7b2a9dc1c5b0bcca2af1a8165a26424e3873c03009d997d6377670e008d0f7,NewSale
0xC0DEc165A5d6e6766Fbc35c977f89535899D0411,77662,0xbc2d6E7c81E7f35473b3594031FCC4c519fD24Ad,0,0xf1736da62d1c2ef2582bf6d4a98bbf412e6dce52,1,249999960000000,20268153,142189,5027895,1743190541,0xfd8c0f6af196eca94f4e2ccdfd0c0d0fc591b448694ac5ef705e8a324a274daf,NewSale
0xfBc2c97D6Dc450e807fC82746ba058C332B9338e,83449,0xbc2d6E7c81E7f35473b3594031FCC4c519fD24Ad,0,0xf1736da62d1c2ef2582bf6d4a98bbf412e6dce52,1,220000000000000,20370404,140578,5027910,1743190571,0x5704fc09eec4ff06f1b7ab7cd8fd1e8b1cdfbcf644b6f542adc79b2f416081f6,NewSale
0xC0DEc165A5d6e6766Fbc35c977f89535899D0411,77662,0xbc2d6E7c81E7f35473b3594031FCC4c519fD24Ad,0,0xd72a2f6e5e9d4c24e16b4c1b3a7e4647d84104bb,1,249999960000000,20246290,142189,5027915,1743190581,0xebc03a1c003d31581f2a9a507f3779ddcde9c298e7db0d11d320c7ef3ae79018,NewSale
0xC0DEc165A5d6e6766Fbc35c977f89535899D0411,74786,0xbc2d6E7c81E7f35473b3594031FCC4c519fD24Ad,0,0x2c60931c2cf14d1b00299abb0471d8d9a5dcc543,1,265000000000000,20373137,142177,5027932,1743190615,0xbb0fad7a95cd1c4d22957da1fa884d77dff633e303266a0bb5d904d99e163bcc,NewSale
0xC0DEc165A5d6e6766Fbc35c977f89535899D0411,77662,0xbc2d6E7c81E7f35473b3594031FCC4c519fD24Ad,0,0xf1736da62d1c2ef2582bf6d4a98bbf412e6dce52,1,249999960000000,20386731,142189,5027937,1743190625,0x68a563ed3c372db7b7a444bd3086b940e85db7de6ea9db84f9dceac37cf75bda,NewSale
0xfBc2c97D6Dc450e807fC82746ba058C332B9338e,83456,0xbc2d6E7c81E7f35473b3594031FCC4c519fD24Ad,0,0xf1736da62d1c2ef2582bf6d4a98bbf412e6dce52,1,220000000000000,20259845,140566,5027953,1743190657,0x68ae8cf830ed6fcf977ced9af0ea8db0c527d2ca7041b9c35622e2793303a3d7,NewSale
0xfBc2c97D6Dc450e807fC82746ba058C332B9338e,83452,0xbc2d6E7c81E7f35473b3594031FCC4c519fD24Ad,0,0xf1736da62d1c2ef2582bf6d4a98bbf412e6dce52,1,220000000000000,20220247,140578,5027969,1743190689,0x503e96fc9cc1efd6ec91411b5af0d9001a2c703a0f29863536ad905b49384134,NewSale
0xfBc2c97D6Dc450e807fC82746ba058C332B9338e,83460,0xbc2d6E7c81E7f35473b3594031FCC4c519fD24Ad,0,0xf1736da62d1c2ef2582bf6d4a98bbf412e6dce52,1,200000000000000,20101226,140578,5027985,1743190721,0x639a7f4fa52c0b27d6fc5085edaaaf2a0ce8ea16cc3b2cd9cdd9d26c18a682de,NewSale
0xA6e6fA716b55A08f3F75E8B99D954725Bbf56927,83454,0xbc2d6E7c81E7f35473b3594031FCC4c519fD24Ad,0,0xeba23a88ff5ebffcc2546ea37aa2ed4ae8363c56,1,1000000000000000,18984158,142201,5027997,1743190745,0xf6edcbbe0349aa984a86e48b5230adafd61aaacc427eba23c2871fb3b8e0f977,NewSale
0xC0DEc165A5d6e6766Fbc35c977f89535899D0411,77659,0xbc2d6E7c81E7f35473b3594031FCC4c519fD24Ad,0,0x2c60931c2cf14d1b00299abb0471d8d9a5dcc543,1,249999980000000,19778348,142165,5028017,1743190785,0x4226a60e2345d2b2926d3cf8de5d140627decea6076949ccdd7c9a91d10dea2a,NewSale
0x29f7812E57c8FD7BB50851f7D64A4937EA36a69C,81500,0xbc2d6E7c81E7f35473b3594031FCC4c519fD24Ad,0,0x2c60931c2cf14d1b00299abb0471d8d9a5dcc543,1,270000000000000,19473344,140566,5028047,1743190845,0x7df6befa40110fc57d9be32687d6f54499f5de581b3f737346f77d291579eb6d,NewSale
0xfBc2c97D6Dc450e807fC82746ba058C332B9338e,83462,0xbc2d6E7c81E7f35473b3594031FCC4c519fD24Ad,0,0xc362596b64ffdfde97d771e6539dbdf4e6486c61,1,220000000000000,18376711,135778,5028066,1743190883,0x9042d26c0bf8fd7cedcee881caa9b1869a191f630f2ad652cb94913b5b5a2a9f,NewSale
0x47042AE24A7Ec481A82fB7294F8FE579fCE90FbC,83455,0xdc0F91C5a4D200FfC21658901c77c0fE1A14d199,0,0xca4f9a7d62125260edb29c865e4632df02a95602,1,300000000000000,19295636,145383,5028072,1743190895,0x6a0aab4838f1df758bd49780602cb433c2d49178e7cd8a646cf8465f6613e40d,NewSale
0xEbE891845B742fc76812e59Fa8113F677c4B2Fba,81608,0xbc2d6E7c81E7f35473b3594031FCC4c519fD24Ad,0,0x2c60931c2cf14d1b00299abb0471d8d9a5dcc543,1,280000000000000,19298624,140566,5028079,1743190909,0x4e62e759daab45a82e55c5bab4139be09da966077cd0632efe939913b83f7f35,NewSale
0xC0DEc165A5d6e6766Fbc35c977f89535899D0411,77663,0xbc2d6E7c81E7f35473b3594031FCC4c519fD24Ad,0,0xc362596b64ffdfde97d771e6539dbdf4e6486c61,1,249999950000000,18326088,142201,5028083,1743190917,0xdc7fe9c01aef8b02fab69341cbe770191d1d0234c52504b53830d133c3ff6256,NewSale
0xC0DEc165A5d6e6766Fbc35c977f89535899D0411,77663,0xbc2d6E7c81E7f35473b3594031FCC4c519fD24Ad,0,0x7342fc26290e6b7c8d8c6ecf364e1849c5be4e8e,1,249999950000000,19200000,159301,5028086,1743190923,0x679a4d0d045d7e5e1f15f9620dec8d693966ec23ef1830080ebc67f00c11ca9d,NewSale
0xC0DEc165A5d6e6766Fbc35c977f89535899D0411,77662,0xbc2d6E7c81E7f35473b3594031FCC4c519fD24Ad,0,0x7342fc26290e6b7c8d8c6ecf364e1849c5be4e8e,1,249999960000000,19230000,142189,5028106,1743190963,0x99ffd8e587d746e732ad76817b707a11ed93da8eaf1aa4bf366e408cd9d5e30b,NewSale
0x5A9A679B451DF760587C582A9eff59c33269Efc5,81714,0xbc2d6E7c81E7f35473b3594031FCC4c519fD24Ad,0,0x2c60931c2cf14d1b00299abb0471d8d9a5dcc543,1,290000000000000,19214048,140578,5028111,1743190973,0xa3c85f8a5bc26490bd004506a99dfcd7d9e093bdb8a14f42cfbc2b8c8572dca8,NewSale
0xfBc2c97D6Dc450e807fC82746ba058C332B9338e,83467,0xbc2d6E7c81E7f35473b3594031FCC4c519fD24Ad,1,0xbe96fb12585bd1cd2822ae451a69ea5e8970806f,1,200000000000000,19114048,157678,5028111,1743190973,0x06ea6deff0ec1d19181f264e1915b1593a298609e3275021b7dfeacf40ebee94,NewSale
0xC0DEc165A5d6e6766Fbc35c977f89535899D0411,77662,0xbc2d6E7c81E7f35473b3594031FCC4c519fD24Ad,0,0x7342fc26290e6b7c8d8c6ecf364e1849c5be4e8e,1,249999960000000,19170000,142189,5028118,1743190987,0x7610e39433dcf8d98d655ff4d02bb23aa8b52fcf79fd98adb6620bc207190b3c,NewSale
0xC0DEc165A5d6e6766Fbc35c977f89535899D0411,77663,0xbc2d6E7c81E7f35473b3594031FCC4c519fD24Ad,0,0x7342fc26290e6b7c8d8c6ecf364e1849c5be4e8e,1,249999950000000,19040000,142201,5028141,1743191033,0x0e758882b0a4925956b406fe0e111ffb27b30ec52282bfd093d822587d385e4c,NewSale
0x7c21B9488BAD1C1F3FC941878C0971fF6F88A556,81712,0xbc2d6E7c81E7f35473b3594031FCC4c519fD24Ad,0,0x2c60931c2cf14d1b00299abb0471d8d9a5dcc543,1,290000000000000,19197521,140578,5028153,1743191057,0x44ccfda7fc1233a6d476e7b4a68b3e64affd79bf0ae3533f8176a67f67ab78d5,NewSale
0xC0DEc165A5d6e6766Fbc35c977f89535899D0411,77663,0xbc2d6E7c81E7f35473b3594031FCC4c519fD24Ad,0,0x7342fc26290e6b7c8d8c6ecf364e1849c5be4e8e,1,249999950000000,19040000,142201,5028156,1743191063,0xaeb9f068ced1c625460fa47cfc47c115a176acab8613a7815c36bcbcd99136e7,NewSale
0xC0DEc165A5d6e6766Fbc35c977f89535899D0411,77659,0xbc2d6E7c81E7f35473b3594031FCC4c519fD24Ad,0,0xc362596b64ffdfde97d771e6539dbdf4e6486c61,1,249999980000000,17908834,142177,5028184,1743191119,0x6f8435f4b646d81693cfe4ae0890a87e1c44d855d79a61420c721e567d7406c2,NewSale
0xe0F9E6B8b1d03D97E341Da01Fda313dFDc290872,81730,0xbc2d6E7c81E7f35473b3594031FCC4c519fD24Ad,0,0x2c60931c2cf14d1b00299abb0471d8d9a5dcc543,1,290000000000000,18759797,140578,5028199,1743191149,0xcfa4d2860a2a326dde90e0f02f51fb9c80de8e8a11f9cdebfc31f45c4ad7135b,NewSale
0xC0DEc165A5d6e6766Fbc35c977f89535899D0411,77663,0xbc2d6E7c81E7f35473b3594031FCC4c519fD24Ad,0,0xc362596b64ffdfde97d771e6539dbdf4e6486c61,1,249999950000000,17715733,142201,5028201,1743191153,0x672f2826ad8303318a35a5f949f926b91c3b29bca2eaf2e4198c185ab22e638e,NewSale
0xF1736da62d1c2ef2582bF6d4A98bbf412e6DCe52,83479,0xbc2d6E7c81E7f35473b3594031FCC4c519fD24Ad,0,0xd72a2f6e5e9d4c24e16b4c1b3a7e4647d84104bb,1,188000000000000,18598539,140578,5028202,1743191155,0x3583e3aed828cd6085aff4ae78ff5a0c0a016a3e934b63172f05a733059988cf,NewSale
0xfBc2c97D6Dc450e807fC82746ba058C332B9338e,83470,0xbc2d6E7c81E7f35473b3594031FCC4c519fD24Ad,1,0xd72a2f6e5e9d4c24e16b4c1b3a7e4647d84104bb,1,200000000000000,18481117,140578,5028222,1743191195,0xdb6e2029c10341b69905d12da4ad933cf357dcaba7307602f3ed361be74bbd62,NewSale
0xF7927B0275dED01b6188be44644e4b2af1Ee27DD,81621,0xbc2d6E7c81E7f35473b3594031FCC4c519fD24Ad,0,0x2c60931c2cf14d1b00299abb0471d8d9a5dcc543,1,280000000000000,18473330,140566,5028231,1743191213,0xa6a68111c11325ae2b0533c45d7e7dca179baab67aa2f9ce091464bb19ef66e9,NewSale
0xfBc2c97D6Dc450e807fC82746ba058C332B9338e,83474,0xbc2d6E7c81E7f35473b3594031FCC4c519fD24Ad,1,0xd72a2f6e5e9d4c24e16b4c1b3a7e4647d84104bb,1,200000000000000,18240856,140578,5028241,1743191233,0xaa68f02ba85d4af74a5243357c51262c857390b3c3aa94e0d901be120594391c,NewSale
0x6CA7b1Da16B0d1C48fE936f2dD8c2D1a8Af22b1f,83488,0xbc2d6E7c81E7f35473b3594031FCC4c519fD24Ad,0,0xeda17e0a0b1635bc91ed5830a56f3c340aa0f5f9,1,200000000000000,18280000,157678,5028247,1743191245,0x4e4d0cba310a76be559b8e25d6c60c91d49a8ee665cff470951adcde412ce4b6,NewSale
0xdA503d1282f27C72B1a802e25370F87b28629Ef5,81538,0xbc2d6E7c81E7f35473b3594031FCC4c519fD24Ad,1,0xeda17e0a0b1635bc91ed5830a56f3c340aa0f5f9,1,270000000000000,18080000,152878,5028262,1743191275,0xa8721b499f11807d5b74026c00dd742c23a76ff8e1bf60c36b18f2d35bb55978,NewSale
0xfBc2c97D6Dc450e807fC82746ba058C332B9338e,83477,0xbc2d6E7c81E7f35473b3594031FCC4c519fD24Ad,1,0xeda17e0a0b1635bc91ed5830a56f3c340aa0f5f9,1,200000000000000,18010000,140578,5028278,1743191307,0xa6edb1353ec835604db15a8cc1c4757b9d5370a8877cae6adbfeea852f5b377b,NewSale
0x5A9A679B451DF760587C582A9eff59c33269Efc5,81705,0xbc2d6E7c81E7f35473b3594031FCC4c519fD24Ad,0,0x2c60931c2cf14d1b00299abb0471d8d9a5dcc543,1,290000000000000,18223700,140578,5028279,1743191309,0x145e64462d366553a19e797d2e1f4d97901f5525de4b78ab1e3943656ae106ea,NewSale
0xfBc2c97D6Dc450e807fC82746ba058C332B9338e,83464,0xbc2d6E7c81E7f35473b3594031FCC4c519fD24Ad,1,0xbbaeee54fcdf00bdf1bd5325901af28089092fa2,1,220000000000000,90000000,157666,5028281,1743191313,0x9165392df694750f97f846c422252e88e07fbad8439103844fadb1ddc868f4ff,NewSale
0xf2baE0Ed801Ae86282c2E7aD90cED3FE95d784Bb,83490,0xbc2d6E7c81E7f35473b3594031FCC4c519fD24Ad,1,0xeda17e0a0b1635bc91ed5830a56f3c340aa0f5f9,1,249900000000000,18160000,135778,5028293,1743191337,0x65804f58aa396216f8a7a57c005b71be7624f0cc1def7687f0dd41d0b1424a31,NewSale
0xfBc2c97D6Dc450e807fC82746ba058C332B9338e,83481,0xbc2d6E7c81E7f35473b3594031FCC4c519fD24Ad,1,0xd72a2f6e5e9d4c24e16b4c1b3a7e4647d84104bb,1,200000000000000,18014090,135778,5028300,1743191351,0x2b52ab07da5acce5c6d6ac4318aee07719c4053adbd4a96ffbc7e8ec742a6902,NewSale
0xB2DCEEb6054338336a750E9A407d8492b009a1f1,83496,0xbc2d6E7c81E7f35473b3594031FCC4c519fD24Ad,1,0xeda17e0a0b1635bc91ed5830a56f3c340aa0f5f9,1,249900000000000,18040000,135778,5028312,1743191375,0x865d579b21c888ff52748303e5bc1cf09ccb1317d10566dd47590ebf5f0e1c8f,NewSale
0xC0DEc165A5d6e6766Fbc35c977f89535899D0411,77661,0xbc2d6E7c81E7f35473b3594031FCC4c519fD24Ad,0,0xeda17e0a0b1635bc91ed5830a56f3c340aa0f5f9,1,249999970000000,17870000,142201,5028338,1743191427,0x428dda31eae4d12a62e4a2f5dc6b37b97da7bf38d8f7eaeb4bfd8ce3b7a60c1c,NewSale
0xC0DEc165A5d6e6766Fbc35c977f89535899D0411,77663,0xbc2d6E7c81E7f35473b3594031FCC4c519fD24Ad,0,0xeda17e0a0b1635bc91ed5830a56f3c340aa0f5f9,1,249999950000000,17750000,142201,5028351,1743191453,0x023db0c330eae88440c8cc506e230fa94ef52a242c2c899592199d3c4be1d416,NewSale
0xa80b92C932Fc24d5BbEb19f12Ab8408069fDd0AB,83508,0xbc2d6E7c81E7f35473b3594031FCC4c519fD24Ad,1,0xeda17e0a0b1635bc91ed5830a56f3c340aa0f5f9,1,249900000000000,17690000,135778,5028364,1743191479,0x0a9ece9141dd2c1abf99f46ed09d94e345f43e6c9c9b54379bac591329c60c53,NewSale
0xC0DEc165A5d6e6766Fbc35c977f89535899D0411,74893,0xbc2d6E7c81E7f35473b3594031FCC4c519fD24Ad,0,0x2c60931c2cf14d1b00299abb0471d8d9a5dcc543,1,249999990000000,17901446,142189,5028386,1743191523,0xf22fcf5822923bb42fd7631198a1716f8cbb627f708f87b61a9da6ff8318c6dc,NewSale
0x03ff6efd025cFd82E5914556f127128c10A0bb44,83502,0xbc2d6E7c81E7f35473b3594031FCC4c519fD24Ad,1,0xeda17e0a0b1635bc91ed5830a56f3c340aa0f5f9,1,249900000000000,17740000,135778,5028387,1743191525,0xdba13c4d0245a638fcb2abe973013541704d552a0ce6b2307fa8218a5a1022d7,NewSale
0x9162E31E330cf3De2D63639cd775F7D392609d95,83514,0xbc2d6E7c81E7f35473b3594031FCC4c519fD24Ad,1,0xeda17e0a0b1635bc91ed5830a56f3c340aa0f5f9,1,249900000000000,17760000,135778,5028404,1743191559,0xef979ca5a2623234899c88dfe1eb0db8f07fa692d94567ae7a55acfddc33e3e3,NewSale
0xC0DEc165A5d6e6766Fbc35c977f89535899D0411,77662,0xbc2d6E7c81E7f35473b3594031FCC4c519fD24Ad,0,0xd72a2f6e5e9d4c24e16b4c1b3a7e4647d84104bb,1,249999960000000,17741448,142189,5028415,1743191581,0x25fd0dd04ae9b2c213bd89d417135154615bcf4b900fbe12255ebe8b472cf1e8,NewSale
0xF6291ddE4dC399BE2276c0d21eC03266B22F2CBE,81530,0xbc2d6E7c81E7f35473b3594031FCC4c519fD24Ad,0,0x2c60931c2cf14d1b00299abb0471d8d9a5dcc543,1,270000000000000,17716781,140566,5028433,1743191617,0x16fd3d0f6b8251a2e8abe7a7338e441809649ca0bbb23b9eeb3819f9e073e2b8,NewSale
0xC0DEc165A5d6e6766Fbc35c977f89535899D0411,77663,0xbc2d6E7c81E7f35473b3594031FCC4c519fD24Ad,0,0x15dec9c249f246892f6673a93129efeced428ce3,1,249999950000000,21960000,159301,5028434,1743191619,0x8ca9c8d2feb7c4878e2db4ecc88a3f82d941a3518c82496d4097e5182005cdf2,NewSale
0x7342Fc26290e6b7c8d8C6eCf364e1849c5be4e8E,83501,0xbc2d6E7c81E7f35473b3594031FCC4c519fD24Ad,0,0x9b0e826baa5e93c7eb3057098ea968785551c38f,1,276000000000000,17630000,157678,5028461,1743191673,0xa22c4f797cb593ed74e1a7ab46d0b9024553dfd1d5d65129bbc93357ba2ac48c,NewSale
0xC0DEc165A5d6e6766Fbc35c977f89535899D0411,77661,0xbc2d6E7c81E7f35473b3594031FCC4c519fD24Ad,0,0xd72a2f6e5e9d4c24e16b4c1b3a7e4647d84104bb,1,249999970000000,17495867,142201,5028470,1743191691,0x6a25e88c7ce5687e17308fd8cb0b9e802fb5c2ab7d6bb610c60e0d7fbe89237a,NewSale
0xC0DEc165A5d6e6766Fbc35c977f89535899D0411,77663,0xbc2d6E7c81E7f35473b3594031FCC4c519fD24Ad,0,0x15dec9c249f246892f6673a93129efeced428ce3,1,249999950000000,17500000,142201,5028547,1743191845,0xb2832bc22e0a8c0f022c0b1496de7998c60be743ba29b29aae6facf33eb406de,NewSale
0xedA17E0A0B1635BC91ED5830A56F3C340aa0F5f9,83523,0xbc2d6E7c81E7f35473b3594031FCC4c519fD24Ad,0,0xd72a2f6e5e9d4c24e16b4c1b3a7e4647d84104bb,1,245000000000000,17631705,140578,5028559,1743191869,0x0649077ddccff934a64450a9a6c0ebb21a2435d22f2d7850b8e49fe001058a38,NewSale
0xedA17E0A0B1635BC91ED5830A56F3C340aa0F5f9,83527,0xbc2d6E7c81E7f35473b3594031FCC4c519fD24Ad,0,0xeba23a88ff5ebffcc2546ea37aa2ed4ae8363c56,1,245000000000000,16752814,140578,5028565,1743191881,0xf79b09709cf044cf8c8c80a059d489f712ec35cd050a16aefd7be7ccec8f329b,NewSale
0x9D3732727D5d56C2234264aB0154111EB91dD0CA,83506,0x02e21A25F0038fa5BDEe9c0b77aC0c1E84d3d6f0,455,0xa877676df00f2b9eecbd70e0c398c4ec7def9913,1,489900000000000,17588602,276809,5028577,1743191905,0xddfd76df696ece7221d6565e3c532e45efdd6cdb9090cb9b69e1902dc9a72b30,NewSale
0x4D47bB1104B5427a6DA4791E5F120591B80de915,83524,0xbc2d6E7c81E7f35473b3594031FCC4c519fD24Ad,1,0xeba23a88ff5ebffcc2546ea37aa2ed4ae8363c56,1,259000000000000,16663096,152878,5028592,1743191935,0x22167be61040bbabdd25fee4f9ad099f505c60c9010b07bc0b2f778267246142,NewSale
0x7342Fc26290e6b7c8d8C6eCf364e1849c5be4e8E,83507,0xbc2d6E7c81E7f35473b3594031FCC4c519fD24Ad,0,0xe5c9247628c311db31981eb836685707f2f92388,1,280000000000000,17427634,157678,5028616,1743191983,0xa80615fe4fe61b7e096b3e8730e23efb92ed43c8f2e2013095ce408f4e6358fc,NewSale
0xEafaEF9D5CdB805dd9Ac7169b8b2372A1F029Ed7,83322,0x897d1cBBeDC44c8371672e8cA72555b5194D6D86,0,0x76700a638a8cc9bcc5b0ea415b5e52b1e0d44bb6,1,1000000000000000,16527634,150199,5028616,1743191983,0x054de011d07a0be082b625bc5f4e489fa341e2f8ac44caa308fc8738f0228b8d,NewSale
0x230bFf75310590b1Ac4B5Fd4fb34A7cee8282Ea9,76004,0x6aD26D68bFf8cAD6bAaeA257832854e58B08150E,9,0x76700a638a8cc9bcc5b0ea415b5e52b1e0d44bb6,1,600000000000000,16465305,164783,5028663,1743192077,0x08631c97e20b4bad6af56a2e9655328883f8a8fa287d671e8cab0d59bf83e648,NewSale
0x230bFf75310590b1Ac4B5Fd4fb34A7cee8282Ea9,76006,0x6aD26D68bFf8cAD6bAaeA257832854e58B08150E,7,0x76700a638a8cc9bcc5b0ea415b5e52b1e0d44bb6,1,600000000000000,16357191,164783,5028691,1743192133,0x319b99e03fbece18f5f93e8e5b457fa344098b586a023ee4cde4ad5642ea9f8d,NewSale
0xc03efc3c9cFF5D542a3e2A2a409f7328FA0eE4A8,83528,0xbc2d6E7c81E7f35473b3594031FCC4c519fD24Ad,1,0xeba23a88ff5ebffcc2546ea37aa2ed4ae8363c56,1,249900000000000,16290392,135778,5028694,1743192139,0x636d43c92b0c421f5eabf2f49dc3cb171d8e00316abcf98261397f8df6d89c99,NewSale
0x230bFf75310590b1Ac4B5Fd4fb34A7cee8282Ea9,76007,0x6aD26D68bFf8cAD6bAaeA257832854e58B08150E,6,0x76700a638a8cc9bcc5b0ea415b5e52b1e0d44bb6,1,600000000000000,16302724,164783,5028708,1743192167,0x805dc84f7134c744e854de298c737344d57765834e439d2cc36f50854a1d8e2b,NewSale
0x230bFf75310590b1Ac4B5Fd4fb34A7cee8282Ea9,80490,0x6aD26D68bFf8cAD6bAaeA257832854e58B08150E,8,0x76700a638a8cc9bcc5b0ea415b5e52b1e0d44bb6,1,600000000000000,16289809,164783,5028723,1743192197,0x7c062d909e5606048d6ef6337d283fe1d454e5dd39b0f6c7014ffcc0382ab5e9,NewSale
0x230bFf75310590b1Ac4B5Fd4fb34A7cee8282Ea9,80491,0x6aD26D68bFf8cAD6bAaeA257832854e58B08150E,7,0x76700a638a8cc9bcc5b0ea415b5e52b1e0d44bb6,1,600000000000000,16335632,147683,5028736,1743192223,0x546b43f731266dd1935defd0357944f73b0a1298ba34d986afd25835f0652759,NewSale
0xb7B29aeCE3799B2F4DbC27Ef993A8F8Bbdcd097D,83534,0xbc2d6E7c81E7f35473b3594031FCC4c519fD24Ad,1,0xf043bddf33bbad7b570f3de0eaeb1219dc8cb897,1,259000000000000,17200000,152878,5028743,1743192237,0x27b00ccdf8fd8fcac7065e817527b84ee14116a02f0e3749e0c3cd13d176c76b,NewSale
0x230bFf75310590b1Ac4B5Fd4fb34A7cee8282Ea9,80492,0x6aD26D68bFf8cAD6bAaeA257832854e58B08150E,6,0x76700a638a8cc9bcc5b0ea415b5e52b1e0d44bb6,1,600000000000000,16443649,147683,5028749,1743192249,0xc58b4d2620bb4ba02f09671e6359bb30fb196b0dc69123fe9d1d931c2854a223,NewSale
0xedA17E0A0B1635BC91ED5830A56F3C340aa0F5f9,83522,0xbc2d6E7c81E7f35473b3594031FCC4c519fD24Ad,1,0x5d8537e0116a26ec85d3298f70bf2b60c557c0cf,1,245000000000000,17330000,157678,5028764,1743192279,0x5174d22a631802cfb608b9084cb5f2238522c63e2062202777afe3f3e134b883,NewSale
0xD934d7a25cBe1BD19442C28884316DEE1AfDa548,83185,0xDfC21bE7cC791a5f03A95E836D385bBC6d7dF384,1374,0xcdb4c77649a2fc659a9cdfa72fe1d7feeb603c02,1,590000000000000,17290000,150458,5028765,1743192281,0x6af7b023d1d8b795f68d71bb3c53e15f52946595b97e565811cf85d7008386a7,NewSale
0x230bFf75310590b1Ac4B5Fd4fb34A7cee8282Ea9,80493,0x6aD26D68bFf8cAD6bAaeA257832854e58B08150E,5,0x76700a638a8cc9bcc5b0ea415b5e52b1e0d44bb6,1,600000000000000,16524450,164783,5028766,1743192283,0x5bf94cdcaf7589b0da681e2def8c898d3273839507adb4461eaa5323072f0b80,NewSale
0xBE510d7dA0344B612B859A0C28F6EafdBBd7d227,83453,0xdc0F91C5a4D200FfC21658901c77c0fE1A14d199,0,0xffd60de56d579ea3390feb1c4710b29d3f1d4d43,1,520000000000000,16535549,145383,5028767,1743192285,0x6b7d719e61a1ea94df50515b8afa79cc0815f44b0065566f6f3ab3eb106bbaf9,NewSale
0x230bFf75310590b1Ac4B5Fd4fb34A7cee8282Ea9,80494,0x6aD26D68bFf8cAD6bAaeA257832854e58B08150E,4,0x76700a638a8cc9bcc5b0ea415b5e52b1e0d44bb6,1,600000000000000,16542746,164783,5028779,1743192309,0xe7f0e270512fd1bed7827a14ea46ff3a6a3aa53152b98f2e28e7abaeb59de775,NewSale
0x230bFf75310590b1Ac4B5Fd4fb34A7cee8282Ea9,80495,0x6aD26D68bFf8cAD6bAaeA257832854e58B08150E,3,0x76700a638a8cc9bcc5b0ea415b5e52b1e0d44bb6,1,600000000000000,16593033,164783,5028792,1743192335,0xcd33475fdf3bd48d8844bb0e163ede7c535148e759391e2ecd76f3f1acfcd007,NewSale
0x5037ec1560AA918e8f9E2405D8590F8Fd3BA6658,81119,0xDfC21bE7cC791a5f03A95E836D385bBC6d7dF384,797,0xcdb4c77649a2fc659a9cdfa72fe1d7feeb603c02,1,638900000000000,17520000,138158,5028796,1743192343,0xe3dcc46d763c401db05465c764fc6c13e20de2816cb7dbea8e7a668cfc45e5c4,NewSale
0x230bFf75310590b1Ac4B5Fd4fb34A7cee8282Ea9,80496,0x6aD26D68bFf8cAD6bAaeA257832854e58B08150E,2,0x76700a638a8cc9bcc5b0ea415b5e52b1e0d44bb6,1,600000000000000,16516854,164783,5028806,1743192363,0x88facf0e5a22440f3d13d073aa216bc0d7edf5f89de6d0d653d02594855cf663,NewSale
0x230bFf75310590b1Ac4B5Fd4fb34A7cee8282Ea9,76005,0x6aD26D68bFf8cAD6bAaeA257832854e58B08150E,8,0x19eb0b122b355664b6f97754201ab7e031bc3c32,1,600000000000000,17508304,164783,5028809,1743192369,0x029853ebf4640831fc3c30097ef05a4c9de5282caa8299e2f233bd05d738a542,NewSale
0x30e385A63834a49d8C27f9a47F57297406336441,83031,0xDfC21bE7cC791a5f03A95E836D385bBC6d7dF384,1375,0xcdb4c77649a2fc659a9cdfa72fe1d7feeb603c02,1,639000000000000,17470000,138158,5028818,1743192387,0xd9e93d32a97dc6145371d9076e389cf6e9ae2d241876239c5809b727d04a7635,NewSale
0x230bFf75310590b1Ac4B5Fd4fb34A7cee8282Ea9,76008,0x6aD26D68bFf8cAD6bAaeA257832854e58B08150E,5,0x19eb0b122b355664b6f97754201ab7e031bc3c32,1,600000000000000,17617867,164783,5028835,1743192421,0x8569108b33cd628496b7bb07cffd64ca86a3ac8ae16cfca3436e42d7baddc968,NewSale
0xF1736da62d1c2ef2582bF6d4A98bbf412e6DCe52,83544,0xbc2d6E7c81E7f35473b3594031FCC4c519fD24Ad,0,0x6ae7b3590fc29b7f52092dd722d8e1971e385b7e,1,188000000000000,17617642,140578,5028850,1743192451,0x84cc8e8e50d64d60d10f98d933c999f5567799a0fbcafc0623dd86aee37ea231,NewSale
0xF2b79D069cD078001672470B04419DA449f73512,83532,0xbc2d6E7c81E7f35473b3594031FCC4c519fD24Ad,1,0x5d8537e0116a26ec85d3298f70bf2b60c557c0cf,1,249900000000000,17610000,135778,5028852,1743192455,0xfa747e1956a75f219e7a3aedc02251fa027c9ff84069f57b72eed540dc2c1faa,NewSale
0xf8521C59c3a74Cd04B60573d49523f2b06F6124C,82870,0xF4527A094c80C7eD9039Ed485d1AAb914b074A49,0,0x76700a638a8cc9bcc5b0ea415b5e52b1e0d44bb6,1,500000000000000,16662384,167283,5028872,1743192495,0xaf885a993d663f235ec1b749efd9ca2f05ca0021a8af2373d6a153e60789c952,NewSale
0x30e385A63834a49d8C27f9a47F57297406336441,83138,0xDfC21bE7cC791a5f03A95E836D385bBC6d7dF384,1377,0xcdb4c77649a2fc659a9cdfa72fe1d7feeb603c02,1,639000000000000,17640000,138158,5028890,1743192531,0x27de2ecd302cf0166cc5e7c2691880838c0038a0ebf8bcafc14133ece9187b24,NewSale
0xeF0Ef28b882d166B732d00A01Ea762B9CCd3FE44,83171,0xbc2d6E7c81E7f35473b3594031FCC4c519fD24Ad,1,0x9e850424d1e41cbddd6550bc38075495e33e8e83,1,810000,16744144,187461,5028890,1743192531,0xab1a0b9da466d3009beb62f906fe57905b0e38a334f121a0962a93dc7b3b47d0,NewSale
0xe8e091DA5cadB76149079537007DD504E8C3cb77,83159,0x4489A334E66076933e76337E3eC7376BA84f0864,0,0x76700a638a8cc9bcc5b0ea415b5e52b1e0d44bb6,1,500000000000000,16818487,162483,5028902,1743192555,0x61b5c44b470bd623698f415ddfe3e21f6f106714fd0af7b669f307ebd00d0d68,NewSale
0xeF0Ef28b882d166B732d00A01Ea762B9CCd3FE44,83171,0xbc2d6E7c81E7f35473b3594031FCC4c519fD24Ad,1,0x9e850424d1e41cbddd6550bc38075495e33e8e83,1,810000,16769000,170361,5028931,1743192613,0x6e711007cfd27e99f88aa42429f6f39b34c29d62cdd95efedb7f96ef959f6424,NewSale
0x985Ba43c96cD0D84B1B58FC25b03a651E24cC640,83557,0x02e21A25F0038fa5BDEe9c0b77aC0c1E84d3d6f0,2402,0xe4f4baed82d30f2244fe1722aeda37def4b38ddc,1,2970000000000000,17743900,133358,5028953,1743192657,0x3302d0923b8c95f1937d5668af7fed5593e31ccfcca466bd965c9d6a5e4487aa,NewSale
0xF1736da62d1c2ef2582bF6d4A98bbf412e6DCe52,83547,0xbc2d6E7c81E7f35473b3594031FCC4c519fD24Ad,0,0x6ae7b3590fc29b7f52092dd722d8e1971e385b7e,1,188000000000000,17655170,140578,5028954,1743192659,0xfc2fd46fa9596862036f38ea3c335d8367d5535730a4350c79ad79db2c6744a3,NewSale
0xeF0Ef28b882d166B732d00A01Ea762B9CCd3FE44,83171,0xbc2d6E7c81E7f35473b3594031FCC4c519fD24Ad,1,0x9e850424d1e41cbddd6550bc38075495e33e8e83,1,810000,16680828,170361,5028963,1743192677,0x48bbbd17b5edb3804797f0088a3b7965d09258bed6129ecddfe0bc85f2335a6d,NewSale
0xF1736da62d1c2ef2582bF6d4A98bbf412e6DCe52,83551,0xbc2d6E7c81E7f35473b3594031FCC4c519fD24Ad,0,0x6ae7b3590fc29b7f52092dd722d8e1971e385b7e,1,188000000000000,17607215,140578,5028969,1743192689,0xdda18247fcf78a7975e4f30794cae857e505aa52b669ffa4540c765282a5a54e,NewSale
0xedA17E0A0B1635BC91ED5830A56F3C340aa0F5f9,83554,0xbc2d6E7c81E7f35473b3594031FCC4c519fD24Ad,0,0xf01122cef4942aa22812dc4e92c74a3e6d9a1cab,1,245000000000000,16488050,135778,5028984,1743192719,0x7a67b26a365f5c39e0b76f70b09ef8c22533bbf7ddf6f8b192fcb421f71da9da,NewSale
0xeF0Ef28b882d166B732d00A01Ea762B9CCd3FE44,83171,0xbc2d6E7c81E7f35473b3594031FCC4c519fD24Ad,1,0x9e850424d1e41cbddd6550bc38075495e33e8e83,1,810000,16440657,170361,5028993,1743192737,0xf21bee13d985bc03ae64ae36d6b6aaa2af10d88290521c9d85322d5a3ebf3ad8,NewSale
0xE5c9247628C311DB31981eb836685707F2f92388,83545,0xbc2d6E7c81E7f35473b3594031FCC4c519fD24Ad,0,0x5d8537e0116a26ec85d3298f70bf2b60c557c0cf,1,500000000000000,17420000,135790,5028996,1743192743,0xfee47d9403ca3bfcb1e90c6512d065bcd6bcb803891eff9a639dd90c0889992a,NewSale
0xF1736da62d1c2ef2582bF6d4A98bbf412e6DCe52,83560,0xbc2d6E7c81E7f35473b3594031FCC4c519fD24Ad,0,0x6ae7b3590fc29b7f52092dd722d8e1971e385b7e,1,188000000000000,17190928,140578,5029006,1743192763,0x9f160c3045db986cf044e54d39c4d03320ac4fac445a18a0e553a34e33abb118,NewSale
0xedA17E0A0B1635BC91ED5830A56F3C340aa0F5f9,83526,0xbc2d6E7c81E7f35473b3594031FCC4c519fD24Ad,1,0x6ae7b3590fc29b7f52092dd722d8e1971e385b7e,1,245000000000000,17171267,157678,5029024,1743192799,0x71653a2bd421eb5f6f5302e12c3df06a77e719b27cee3e8350f8bc10035f6fbd,NewSale
0xeF0Ef28b882d166B732d00A01Ea762B9CCd3FE44,83171,0xbc2d6E7c81E7f35473b3594031FCC4c519fD24Ad,1,0x9e850424d1e41cbddd6550bc38075495e33e8e83,1,810000,16221667,168750,5029040,1743192831,0x70d91267d9edf761e181670239740800964bbac977b2af6637f192f0feffc346,NewSale
0xedA17E0A0B1635BC91ED5830A56F3C340aa0F5f9,83553,0xbc2d6E7c81E7f35473b3594031FCC4c519fD24Ad,1,0x5d8537e0116a26ec85d3298f70bf2b60c557c0cf,1,245000000000000,17090000,140578,5029054,1743192859,0xe4df85ea85727cc19accf54a3daced99971de9deb622c7bcafc99877184de6a1,NewSale
0xedA17E0A0B1635BC91ED5830A56F3C340aa0F5f9,83530,0xbc2d6E7c81E7f35473b3594031FCC4c519fD24Ad,1,0x6ae7b3590fc29b7f52092dd722d8e1971e385b7e,1,245000000000000,16943850,140578,5029056,1743192863,0x6c8d48f16761240b23621f1ba3c3fb64dfab59dd7c9ebacd30bb821ff6ea24e1,NewSale
0x74B0d6c19716a605693CAbfb034b49AD0e818dFe,82071,0xDfC21bE7cC791a5f03A95E836D385bBC6d7dF384,1365,0xcdb4c77649a2fc659a9cdfa72fe1d7feeb603c02,1,900000,17060000,166317,5029057,1743192865,0x3b6cd3085e460ca00f7985260a91b36f05058838830d846374835b38d3b98fe4,NewSale
0xfEaF76b47D6469deECCBa3F360844Bc65a24a542,79990,0xDfC21bE7cC791a5f03A95E836D385bBC6d7dF384,1347,0xcdb4c77649a2fc659a9cdfa72fe1d7feeb603c02,1,640000000000000,16970000,138146,5029073,1743192897,0x2e092bf7c649ee4a2a45b7d04259f43b516649633f00d8f596ae673d082aba01,NewSale
0x702b4E5c5a59400a4054f5DD604AAfD6782882fb,83555,0xbc2d6E7c81E7f35473b3594031FCC4c519fD24Ad,1,0x6ae7b3590fc29b7f52092dd722d8e1971e385b7e,1,249900000000000,16861260,135778,5029076,1743192903,0xe4d3054d85ec070283ef034c65c9ab608d6da8086c692f9adb6592a25c6e1f24,NewSale
0xfEaF76b47D6469deECCBa3F360844Bc65a24a542,79996,0xDfC21bE7cC791a5f03A95E836D385bBC6d7dF384,1346,0xcdb4c77649a2fc659a9cdfa72fe1d7feeb603c02,1,640000000000000,16860000,138146,5029087,1743192925,0xb80f6b9a63d869915a211981800333e912a074ff100ce44065ab5b5109adebf0,NewSale
0xebB0963bA77f1db6d879b65B8Dff73DeAAA02B16,83556,0xbc2d6E7c81E7f35473b3594031FCC4c519fD24Ad,1,0xf7633136dd0f25ef40ebcda2bb64457bbf47ec75,1,249900000000000,16856091,152878,5029094,1743192939,0x09d3132a49be753568422fd8cc14ffc9b2ee6c3927aa0d1c4b0205f2f703fc21,NewSale
0xfEaF76b47D6469deECCBa3F360844Bc65a24a542,79997,0xDfC21bE7cC791a5f03A95E836D385bBC6d7dF384,1345,0xcdb4c77649a2fc659a9cdfa72fe1d7feeb603c02,1,640000000000000,16810000,138146,5029101,1743192953,0xd7b644386c2c43dd58b204b3c01092f853b27cb9cece26178c4a18970d6558a8,NewSale
0x813a64088e620609143823637F71b48F30b263d8,83512,0xbc2d6E7c81E7f35473b3594031FCC4c519fD24Ad,1,0xb33b9981b31acc0724f42215c9da842a5b59c48a,1,259000000000000,30000000,152878,5029110,1743192971,0x18169a6951e050614db1245d059181b56a06a88687b080a27a01f9100ed3103d,NewSale
0xC0DEc165A5d6e6766Fbc35c977f89535899D0411,77663,0xbc2d6E7c81E7f35473b3594031FCC4c519fD24Ad,0,0x6ae7b3590fc29b7f52092dd722d8e1971e385b7e,1,249999950000000,16769265,142201,5029112,1743192975,0x8408a6c30b58d5049c74ca1eb5e5dfba3f7dba3a08031a6dc081baa2eaf12ec1,NewSale
0xedA17E0A0B1635BC91ED5830A56F3C340aa0F5f9,83549,0xbc2d6E7c81E7f35473b3594031FCC4c519fD24Ad,1,0xf01122cef4942aa22812dc4e92c74a3e6d9a1cab,1,245000000000000,15890039,157678,5029119,1743192989,0x9c2594e9f0c496224bedbd43d8dc2bb8758360084ea3643ac37aab39ff2aa55b,NewSale
0xfEaF76b47D6469deECCBa3F360844Bc65a24a542,80005,0xDfC21bE7cC791a5f03A95E836D385bBC6d7dF384,1350,0xcdb4c77649a2fc659a9cdfa72fe1d7feeb603c02,1,640000000000000,16800000,133346,5029123,1743192997,0x7c38c4490b4e88e6afc16727c48dbff74e12639c8bc5c96531ae190661cf88f5,NewSale
0x80fe121B69163E17bd4e9CC573652e29E48fa4ae,83109,0xbc2d6E7c81E7f35473b3594031FCC4c519fD24Ad,0,0x9e850424d1e41cbddd6550bc38075495e33e8e83,1,24800000000000000000,15810531,160266,5029140,1743193031,0xd9bbd4edceb7e6f17b1f64de378a87b7944bf6a8cd5b8f4e8444d937fb8c79f2,NewSale
0xedA17E0A0B1635BC91ED5830A56F3C340aa0F5f9,83567,0xbc2d6E7c81E7f35473b3594031FCC4c519fD24Ad,1,0x6ae7b3590fc29b7f52092dd722d8e1971e385b7e,1,245000000000000,16711017,140578,5029151,1743193053,0xc9437d6574d1749c3d05e884e36edfa7ac71fe4489ff0083e7605db1ee33658b,NewSale
0x30e385A63834a49d8C27f9a47F57297406336441,83146,0xDfC21bE7cC791a5f03A95E836D385bBC6d7dF384,1379,0xcdb4c77649a2fc659a9cdfa72fe1d7feeb603c02,1,700000000000000,16770000,138158,5029155,1743193061,0x5d946d291043afa79655d4d64624a9c02f0f19a6b241c5f82dccfca7e0ca739e,NewSale
0xdc9Ca3DD743e5294cad84F597051f9E8EAdede53,83572,0xbc2d6E7c81E7f35473b3594031FCC4c519fD24Ad,1,0x6ae7b3590fc29b7f52092dd722d8e1971e385b7e,1,249000000000000,16663255,135778,5029162,1743193075,0x803e89f9b8b46b4811fba6d019df2f94c6fb1e28f3627bbd8ab1d9143c7f4e8e,NewSale
0x018ffF26329F4b512d064F498e35ea72645aA06b,83561,0xbc2d6E7c81E7f35473b3594031FCC4c519fD24Ad,1,0x6ae7b3590fc29b7f52092dd722d8e1971e385b7e,1,249000000000000,16718045,135778,5029172,1743193095,0x525248f1483135da74492fd037772565ee58face47d260ab6f71369fc1061f0f,NewSale
0x25224a77867f6c31b30f4B858aEf3A487653f15A,83562,0xbc2d6E7c81E7f35473b3594031FCC4c519fD24Ad,1,0x9e850424d1e41cbddd6550bc38075495e33e8e83,1,19000000000000000000,16640102,153855,5029179,1743193109,0xaa791bd5d389a31412eb067e72c77626a2bba21131167dc2db689afb2bed781a,NewSale
0xC0DEc165A5d6e6766Fbc35c977f89535899D0411,77662,0xbc2d6E7c81E7f35473b3594031FCC4c519fD24Ad,0,0xf01122cef4942aa22812dc4e92c74a3e6d9a1cab,1,249999960000000,16512162,142189,5029201,1743193153,0x0cff46f4f751e48ba2912de22767e7b759a99dd5e30c548551a88e8f4045b747,NewSale
0x04f2Ba8b0F82cbd3F66c97450471769727d3481C,83566,0xbc2d6E7c81E7f35473b3594031FCC4c519fD24Ad,1,0x60baa8ea40eb83b23fce7d5f27fd6c6f5605b9e6,1,249000000000000,50000000,152878,5029205,1743193161,0x2999b298440d32fb32a12a203a169fc08331cfb4bc33a5095d04849ee203f385,NewSale
0x80fe121B69163E17bd4e9CC573652e29E48fa4ae,83115,0xbc2d6E7c81E7f35473b3594031FCC4c519fD24Ad,0,0x9e850424d1e41cbddd6550bc38075495e33e8e83,1,20000000000000000000,16296113,160266,5029238,1743193227,0xa19b57b824ee062e853683891a2b9f150d466b1ae6cd5e864bf40c069bd04649,NewSale
0xcc8f19234E66f0F12bb953DD40674e40065aFBB4,83577,0xbc2d6E7c81E7f35473b3594031FCC4c519fD24Ad,1,0x98ac23d281ecde0e57cc59b18caff0c8d0dc2eeb,1,249000000000000,16463886,152878,5029240,1743193231,0x9b05c5bf3bb13e877db1dba487ce442cef49635d95548a32c654c81fedc87c79,NewSale
0xC0DEc165A5d6e6766Fbc35c977f89535899D0411,77663,0xbc2d6E7c81E7f35473b3594031FCC4c519fD24Ad,0,0xaff41c57d3c6f16c105389f2d42e3880b278293d,1,249999950000000,50000000,159301,5029245,1743193241,0x860484dd9129bf7b3af1e9bb6c092d267fde3a30f47fe3fbdb67e81451460c46,NewSale
0xE4f4BaEd82d30f2244fE1722aeda37dEF4B38Ddc,83565,0x02e21A25F0038fa5BDEe9c0b77aC0c1E84d3d6f0,2402,0x98ac23d281ecde0e57cc59b18caff0c8d0dc2eeb,1,499000000000000,16523568,155258,5029265,1743193281,0xf8209add160fcf0896bba6e17c4be4fd8e05a750689fa963eb7fd2093c0797b6,NewSale
0x7D42Fee4F35c626C6dA2cF9A5460490658d62973,83472,0xdc0F91C5a4D200FfC21658901c77c0fE1A14d199,0,0x0c491de39ec442bc32fad97770b4fc5c90cb4309,1,550000000000000,16420000,150183,5029265,1743193281,0x2250983d25baa987e242f69a7096e40831bb8a2cd2b0c926334143467e93303c,NewSale
0x80fe121B69163E17bd4e9CC573652e29E48fa4ae,83115,0xbc2d6E7c81E7f35473b3594031FCC4c519fD24Ad,0,0x9e850424d1e41cbddd6550bc38075495e33e8e83,1,20000000000000000000,16430994,160266,5029272,1743193295,0x0560ed361cbeb55de313040dc8086b5b22b8882f01412af02de62c64f18f6b30,NewSale
0x8e204643ef4fB55B9B8715BDf63bf881D9C21731,83570,0xbc2d6E7c81E7f35473b3594031FCC4c519fD24Ad,1,0x6a47496c830d7664927df4c5b18516d63407f3b1,1,249900000000000,50000000,152878,5029284,1743193319,0x923907153d2a9a4ed425b157961b9ac8bab44d766fcfa7f08024686e2dabc962,NewSale
0xd1Fc03b97Ad0b56598bA9FEE3B233ba551d0A958,83569,0xbc2d6E7c81E7f35473b3594031FCC4c519fD24Ad,1,0xb52546911574024c6b968d40305e97dab0473912,1,249000000000000,16551119,152878,5029285,1743193321,0x9d2ae1b086c57d11df9a3d4575ca343b5a6c7558eadf740203f6a2f14fa692a0,NewSale
0x1395189980AF234da331D576914249EcaEacbe3B,83536,0xbc2d6E7c81E7f35473b3594031FCC4c519fD24Ad,1,0xf01122cef4942aa22812dc4e92c74a3e6d9a1cab,1,249900000000000,16344465,135778,5029286,1743193323,0xf1a7417f41b39863b2aea279b70c0df0976f35cd4f603d27b195a229d1b21a9d,NewSale
0x19eb0B122b355664B6F97754201AB7E031bC3c32,83576,0x6aD26D68bFf8cAD6bAaeA257832854e58B08150E,5,0xbaa9672503be4067ccc6ebb08bee52af3e0b3b4c,1,30000000000000000000,16432197,204030,5029309,1743193369,0x16b37e78086babba7575e3467e97ea38bad7b94a0680b4da99f39ced28f074c9,NewSale
0x80fe121B69163E17bd4e9CC573652e29E48fa4ae,83115,0xbc2d6E7c81E7f35473b3594031FCC4c519fD24Ad,0,0x9e850424d1e41cbddd6550bc38075495e33e8e83,1,20000000000000000000,16227761,160266,5029312,1743193375,0x32d7759c7d6229ff82e17bb088c4ad08c6e77a71395fbdd73dddaece807fa965,NewSale
0xf87f7DCD73c57622f379E4f4942C70F425000D1f,83595,0xbc2d6E7c81E7f35473b3594031FCC4c519fD24Ad,0,0xb52546911574024c6b968d40305e97dab0473912,1,220000000000000,16721018,140578,5029332,1743193415,0xf58a2607dd6bd7144f27b61e97c066833e86e8790de8b4bab2b4edcdda05dbb9,NewSale
0x95A975f513Ef81e2B80a5644772f1c400698c0Df,83596,0xbc2d6E7c81E7f35473b3594031FCC4c519fD24Ad,0,0x5d8537e0116a26ec85d3298f70bf2b60c557c0cf,1,260000000000000,16580000,140578,5029334,1743193419,0x962bc66866d4ed0dd51e39b83c6edcd37f315e437bd2a7e0c4aa337f464aecd9,NewSale
0x80fe121B69163E17bd4e9CC573652e29E48fa4ae,83115,0xbc2d6E7c81E7f35473b3594031FCC4c519fD24Ad,0,0x9e850424d1e41cbddd6550bc38075495e33e8e83,1,20000000000000000000,16401021,160266,5029358,1743193467,0x2e3a8d47b608e37c2a9380f0b63a7de289ac4aef65437fe700031e1c3cf68edc,NewSale
0xb5BdeA73a154a3089C2c3c09d260EaeB81D7eD55,83571,0xbc2d6E7c81E7f35473b3594031FCC4c519fD24Ad,1,0xb52546911574024c6b968d40305e97dab0473912,1,249000000000000,16743036,135778,5029374,1743193499,0xa591cb837385566b8249b19b27320f908941c71acccb02ff11c32606f22f243f,NewSale
0xbC4790eeb78aA355b3FA2c1038180224FeB343Da,83559,0xbc2d6E7c81E7f35473b3594031FCC4c519fD24Ad,1,0xf01122cef4942aa22812dc4e92c74a3e6d9a1cab,1,249900000000000,16544408,135778,5029385,1743193521,0x172527e615c4c21c4570639419990470c60e68587834f7469a7f89d69e4bb545,NewSale
0xbAa9672503be4067CCc6eBB08BEe52af3e0b3b4C,83558,0x2Bf46D4497e98FbA2304B0d2453922FFf559Ea02,60,0x98ac23d281ecde0e57cc59b18caff0c8d0dc2eeb,1,599000000000000,16726642,164783,5029387,1743193525,0x1ec855fbe786b6629750f1bbb56d791891bdba43db528bf88d8daedae08c7441,NewSale
0x7D42Fee4F35c626C6dA2cF9A5460490658d62973,83459,0xdc0F91C5a4D200FfC21658901c77c0fE1A14d199,0,0x5975d3c8a02c1c42dad4c99249e2965c8f56c0c3,1,600000000000000,16660000,167283,5029387,1743193525,0x7342a06bd7e75f9bcbb2521a04f252d01d00fcdb0b7921b3207a3d8710c1e382,NewSale
0xf87f7DCD73c57622f379E4f4942C70F425000D1f,83610,0xbc2d6E7c81E7f35473b3594031FCC4c519fD24Ad,1,0xb52546911574024c6b968d40305e97dab0473912,1,220000000000000,16699911,140578,5029412,1743193575,0xf2590b925df1feae287f46b8fed7c4e0e5b7b9221cffbe8af445aafb4c34836c,NewSale
0x8c61e9126A9f20D31eeaA6Ca96807a618D7F0e54,83608,0xbc2d6E7c81E7f35473b3594031FCC4c519fD24Ad,1,0x5d8537e0116a26ec85d3298f70bf2b60c557c0cf,1,249900000000000,16630000,135778,5029414,1743193579,0x8979e3bd905136a7afb483665338151dee1bd2c5127eac5c8b4aee5c75a4c82d,NewSale
0x466dde5145276737369dC935e11c19c8189EC3ba,83552,0xbc2d6E7c81E7f35473b3594031FCC4c519fD24Ad,1,0xb353029ba328b14a96baae3cf44d6a9f59594aea,1,249900000000000,16500000,152878,5029433,1743193617,0x5b77ad6f7513897a8c53c9052c2f02b4b52edeacbe7863b9dedc20db032d9311,NewSale
0x8b5633120d184b77d5C29A381911EdC962D09Ab0,83517,0xbc2d6E7c81E7f35473b3594031FCC4c519fD24Ad,1,0xb353029ba328b14a96baae3cf44d6a9f59594aea,1,249900000000000,16420000,135778,5029445,1743193641,0x8e606640217ffec672c894737e394620b786d5a94c8316852efd8ecd94cc9964,NewSale
0xf87f7DCD73c57622f379E4f4942C70F425000D1f,83620,0xbc2d6E7c81E7f35473b3594031FCC4c519fD24Ad,1,0xb52546911574024c6b968d40305e97dab0473912,1,200000000000000,16384964,140578,5029452,1743193655,0x75675ba42f14af2952311ff0704ae6cc69e704c85397f36bd9b1f9c0e3339b43,NewSale
0x0cF8Bc196d4Da0611a68Daf4c6A9bd46Cad18f45,83622,0xbc2d6E7c81E7f35473b3594031FCC4c519fD24Ad,1,0xb353029ba328b14a96baae3cf44d6a9f59594aea,1,249900000000000,16330000,135778,5029459,1743193669,0x5d45d6363ea22c8fef06cea02fbbe53611324c4a19686a93c762793b27281209,NewSale
0x2A8744c2C56477F739759B8C199862bC26F567F7,83564,0xbc2d6E7c81E7f35473b3594031FCC4c519fD24Ad,1,0xb353029ba328b14a96baae3cf44d6a9f59594aea,1,249900000000000,16290000,135778,5029479,1743193709,0x6b1cebed06e2a814c240e086f5c0834a66afb8bf049002ccb55b8c84a1d7e318,NewSale
0x003885D8Fdc1eC32b2B0C5a1A65c3a39D070Ee51,83597,0xbc2d6E7c81E7f35473b3594031FCC4c519fD24Ad,1,0xb353029ba328b14a96baae3cf44d6a9f59594aea,1,249900000000000,16370000,135778,5029492,1743193735,0x21e0368935ca376f5fa44cb0ebc91e0036b375881da2d7b194cf3ae32b589b87,NewSale
0xf87f7DCD73c57622f379E4f4942C70F425000D1f,83630,0xbc2d6E7c81E7f35473b3594031FCC4c519fD24Ad,0,0x98ac23d281ecde0e57cc59b18caff0c8d0dc2eeb,1,220000000000000,16229804,157678,5029505,1743193761,0xf0ad3e418ca422bb379f744c9ab46200b4836888389638cda2534064697e8c36,NewSale
0xf87f7DCD73c57622f379E4f4942C70F425000D1f,83621,0xbc2d6E7c81E7f35473b3594031FCC4c519fD24Ad,1,0x0b0d203ad507134da32d31d5e57ba84031e3f69a,1,220000000000000,15767821,157678,5029598,1743193947,0xdb9ad622f25f7f4d936cc3d84de1d290428c5ca66f47aaf59163d8f2047218be,NewSale
0x23D4CfEE90DEfF7a86023eA4aDF2566E1A92eC2c,83643,0xbc2d6E7c81E7f35473b3594031FCC4c519fD24Ad,0,0xa8e2d554adf787f3c20e49e8df6c0490871e5588,1,190000000000000,15630000,140578,5029620,1743193991,0xf2e553e72517d437859bcd0e00b1977cfd1bfe1e1f8f5e2a32fda5e8ddd96ff3,NewSale
0x0abd30f57929829d6a5EE26CA7487a8491988Fcd,83540,0xbc2d6E7c81E7f35473b3594031FCC4c519fD24Ad,1,0xf01122cef4942aa22812dc4e92c74a3e6d9a1cab,1,249900000000000,14417368,135778,5029648,1743194047,0x2b546e42971d74729d23e72bf9d5b8f50aa9958ada0109ea1cbf7ed17417b99f,NewSale
0x718bfaf1F311A7d3315B15A07bbFe8aAA14ffe90,83651,0xbc2d6E7c81E7f35473b3594031FCC4c519fD24Ad,1,0x805c8c091edf57cf469ff73e6dca621c5cba7758,1,249900000000000,15360000,152878,5029660,1743194071,0xa8320b873e53e94388903ecf74f7a7239493d62cb0ad624ed11b5b2ab051d3b3,NewSale
0x7D39522cCe8312E29aC57DB307f93FAb57d810Dc,83601,0xdc0F91C5a4D200FfC21658901c77c0fE1A14d199,0,0x9e850424d1e41cbddd6550bc38075495e33e8e83,1,1100000,14338055,194068,5029660,1743194071,0x8b6df87909d33fd3a0d902a63274fa88f661ea4ca0e61e70ea14ec55e658993e,NewSale
0xeb418E53EFcDc351137C9A81c70967b8D7063f4C,79433,0x7e5F161dd824d98AC3474eBf550716d0cb83E8C6,0,0x19eb0b122b355664b6f97754201ab7e031bc3c32,1,500000000000000,15309861,147683,5029663,1743194077,0x806f95c0b8e4f1c93a55fab92271f8dcd02c5eea78864abba8f80e4994bae599,NewSale
0xf87f7DCD73c57622f379E4f4942C70F425000D1f,83631,0xbc2d6E7c81E7f35473b3594031FCC4c519fD24Ad,1,0xb353029ba328b14a96baae3cf44d6a9f59594aea,1,200000000000000,15240000,140578,5029670,1743194091,0xa22a9e62de130b699e0613d859c855e7154f4cb8485f322311c07236649146ea,NewSale
0xeb418E53EFcDc351137C9A81c70967b8D7063f4C,80500,0x7e5F161dd824d98AC3474eBf550716d0cb83E8C6,2,0x19eb0b122b355664b6f97754201ab7e031bc3c32,1,500000000000000,14954104,164783,5029687,1743194125,0xc37e9e12882fba1925c011c8264190dde25e3caf0cbf0aabd8f4972ab8ec40d0,NewSale
0xeb418E53EFcDc351137C9A81c70967b8D7063f4C,80807,0x7e5F161dd824d98AC3474eBf550716d0cb83E8C6,0,0x19eb0b122b355664b6f97754201ab7e031bc3c32,1,500000000000000,14549153,147683,5029713,1743194177,0xcc59459cee104b0877c24128353a943a9e64e60ee16925dbc3c10b98e07afe67,NewSale
0xF1736da62d1c2ef2582bF6d4A98bbf412e6DCe52,83659,0xbc2d6E7c81E7f35473b3594031FCC4c519fD24Ad,0,0xa8e2d554adf787f3c20e49e8df6c0490871e5588,1,188000000000000,14370000,140578,5029743,1743194237,0x71dcc21a702a5434fc6ca419c05aa6e1b2316f3d283d79fd348102d192ac5450,NewSale
0xB52546911574024c6b968D40305e97DAb0473912,83661,0xbc2d6E7c81E7f35473b3594031FCC4c519fD24Ad,0,0xa8e2d554adf787f3c20e49e8df6c0490871e5588,1,220000000000000,14320000,140578,5029800,1743194351,0x62b6216d7654d38a4be3c9e98b0457c56228f08818595d053ba22a35280d0826,NewSale
