listing_creator,listing_id,asset_contract,token_id,buyer,quantity_bought,total_price_paid,gas_price,gas_used,block_number,timestamp,transaction_hash,event_type
0x3919c715C543f8d83d7A4D52606bbF7F46248e11,82301,0xEB255E4669Da7FeEf1F746a5a778b4e08b65a1A7,0,0x382daef9d320cdc147467d6493d5f9510860847e,1,400000000000000,44320000,150171,5015005,1743164761,0x0160d71fd0e8f8e8393f9bfe2cd650e9c335cf4831cf2b1adb4ba4cb3ce558f5,NewSale
0x265dA936C88DC7Da7E89D6E4e913c04A1Dc67b9b,81294,0xbc2d6E7c81E7f35473b3594031FCC4c519fD24Ad,0,0xd28b19a06d080ab5e85b3ff04990ed03fbee5b3f,1,270000000000000,43769820,140578,5015013,1743164777,0xccdd6e7be1fffbc811a31229f8e33113cd3bc09a6831b2416243d60d1640da24,NewSale
0xE8B3C588D7Fe23e3E174075704F1055274247d0B,82311,0xbc2d6E7c81E7f35473b3594031FCC4c519fD24Ad,0,0xa96b81f052570523d0deedadc1513607252965dc,1,210000000000000,44738113,135778,5015014,1743164779,0x4b9d60dd8f50888f72f99763aaa6dd588dd49f6516889c91fa8f6c8629edc882,NewSale
0x3919c715C543f8d83d7A4D52606bbF7F46248e11,82299,0xEB255E4669Da7FeEf1F746a5a778b4e08b65a1A7,0,0x78a2beebd9a01461662a56c397c74bd4356bd61b,1,450000000000000,44680000,167283,5015021,1743164793,0x31ed433314f07577605bb9685e4b9f9e5991a6635a94e8a3584b6c7c9319c31b,NewSale
0xC0DEc165A5d6e6766Fbc35c977f89535899D0411,77663,0xbc2d6E7c81E7f35473b3594031FCC4c519fD24Ad,0,0xb7cfacb04652e7e13a013683cdd724d2fa3b4d63,1,249999950000000,44077790,142201,5015036,1743164823,0xa1de90ae32b8de9e213415f32693d411224537e8ee1b5a84d21f5e502fa3deaf,NewSale
0xC0DEc165A5d6e6766Fbc35c977f89535899D0411,77663,0xbc2d6E7c81E7f35473b3594031FCC4c519fD24Ad,0,0x745b9a68e2240de3a88f3cf2861f0cd5c784adb1,1,249999950000000,44980000,159301,5015040,1743164831,0x26cf0a55c4d7a70f7ee74716bf81994237e7ae326d77e51bbf7e7a4059fad1db,NewSale
0x64f7C019021aC74A68D90D08491Ca43b2a632E71,82312,0xbc2d6E7c81E7f35473b3594031FCC4c519fD24Ad,1,0x529f71b8285ecbabf59359e9284e98ad05e683e7,1,17600000000000000000,44260302,178454,5015048,1743164847,0x11cea526ce046fd540eb104f7fcbc816942c1c183d20bf4ae725c4675986844e,NewSale
0x785DC7204e2Da8694c045e615562e946AADbf914,82315,0xbc2d6E7c81E7f35473b3594031FCC4c519fD24Ad,1,0xf6e024c40e7627988e51b0161d479f0b6c8ac63a,1,220000000000000,45170000,140578,5015061,1743164873,0x4dc2cd7c3c25c9480c2472e7a54f75b86738742eea4c8aab3abc2bf5c321fe23,NewSale
0xC0DEc165A5d6e6766Fbc35c977f89535899D0411,77663,0xbc2d6E7c81E7f35473b3594031FCC4c519fD24Ad,0,0xb7cfacb04652e7e13a013683cdd724d2fa3b4d63,1,249999950000000,44318961,142201,5015061,1743164873,0xa73e3e8601aa3c6ed8999ff6748cafe82e0f68b979e953bd2fe12f02d17583a4,NewSale
0x64f7C019021aC74A68D90D08491Ca43b2a632E71,82312,0xbc2d6E7c81E7f35473b3594031FCC4c519fD24Ad,1,0x529f71b8285ecbabf59359e9284e98ad05e683e7,1,17600000000000000000,44666974,161354,5015070,1743164891,0xb9388686c7e84de47dc74dc88dd1c8ed47a5fd46ce8336626f9fd10a367efa4b,NewSale
0xDb25FF796E694e2F6e11438fD53A0813Dee3D5A0,82203,0x897d1cBBeDC44c8371672e8cA72555b5194D6D86,0,0x99a62f54d5d1237c623220399aa077af0c529152,1,978000000000000,45570000,145399,5015077,1743164905,0x1e1186693ffd00069add7ee31970aeac2af416d63f62fce7f967376deeebcfb2,NewSale
0xC0DEc165A5d6e6766Fbc35c977f89535899D0411,77663,0xbc2d6E7c81E7f35473b3594031FCC4c519fD24Ad,0,0xb7cfacb04652e7e13a013683cdd724d2fa3b4d63,1,249999950000000,44833447,142201,5015080,1743164911,0xd66c26664ded31895b94c18819d3555e300dbe724bcd2e8c4a3a139af4d239f3,NewSale
0xC0DEc165A5d6e6766Fbc35c977f89535899D0411,77663,0xbc2d6E7c81E7f35473b3594031FCC4c519fD24Ad,0,0xe003e18125004b74f0ec1c2ae6aadcafebd414c6,1,249999950000000,45790000,142189,5015088,1743164927,0x8e846705d2ddc099e3c32a1d6b1d9c8d8ca2e16998bf3ccca47e2a4f89c7b648,NewSale
0x64f7C019021aC74A68D90D08491Ca43b2a632E71,82312,0xbc2d6E7c81E7f35473b3594031FCC4c519fD24Ad,1,0x529f71b8285ecbabf59359e9284e98ad05e683e7,1,17600000000000000000,44856816,161354,5015091,1743164933,0x4f982293fa7aec5b3f241cb6ba7be0d5bafa1d0e76ce42e257663bd3890af97c,NewSale
0xc3240eC4aa7362AC7b81eD45F3f7A084D4C4d551,79156,0x4489A334E66076933e76337E3eC7376BA84f0864,0,0x1ffc958bc75d6a7d7fc673f8de6bc3a580d1522e,1,500000000000000,45770000,167283,5015092,1743164935,0x964ec9c369b7de66915033a949f2225b06ee563d1fa884cd5cacaf18c2f40599,NewSale
0x64f7C019021aC74A68D90D08491Ca43b2a632E71,82312,0xbc2d6E7c81E7f35473b3594031FCC4c519fD24Ad,1,0x529f71b8285ecbabf59359e9284e98ad05e683e7,1,17600000000000000000,45022260,161354,5015113,1743164977,0x0cbada323574e1d899d47f1d9f89d6692febf63884b672aea7ff825d0a54725e,NewSale
0xd5c12221882E587D0570AD2e00e85759e15D1BCC,82250,0xdc0F91C5a4D200FfC21658901c77c0fE1A14d199,0,0xa96b81f052570523d0deedadc1513607252965dc,1,610000000000000,46310690,150183,5015124,1743164999,0x0352ad32457a58a7d1d45eb11823ec284c90f2346608edd82c564416c57c70fb,NewSale
0x745b9A68e2240de3a88F3cf2861f0Cd5C784adb1,82323,0xbc2d6E7c81E7f35473b3594031FCC4c519fD24Ad,0,0x813c2398850725d31ad455c2165ab37b050de3a5,1,210000000000000,46190000,152878,5015128,1743165007,0xb86144b85d5fe8e574a25532eb022aa6163b3224be96d1e4e67c6528c2d3d9de,NewSale
0x64f7C019021aC74A68D90D08491Ca43b2a632E71,82312,0xbc2d6E7c81E7f35473b3594031FCC4c519fD24Ad,1,0x529f71b8285ecbabf59359e9284e98ad05e683e7,1,17600000000000000000,45831848,161354,5015135,1743165021,0x7692f1b32a08c625db974b55dee97d3ef84c8927a41cfbefa0140d1d39add96b,NewSale
0x4B75F754c3Bc03A91f14eF1Ea44891a14f5c9059,82321,0xbc2d6E7c81E7f35473b3594031FCC4c519fD24Ad,0,0xb2bdd1742e18a3dfd480631fa25c2c23368d679b,1,200000000000000,45869536,140578,5015149,1743165049,0xd8bd9a0d24cc6173b5a3dafa080378b4e5b19048bcb638298c5d98a9b8a039be,NewSale
0x64f7C019021aC74A68D90D08491Ca43b2a632E71,82312,0xbc2d6E7c81E7f35473b3594031FCC4c519fD24Ad,1,0x529f71b8285ecbabf59359e9284e98ad05e683e7,1,17600000000000000000,45806103,161354,5015156,1743165063,0xfd3bf2f9d34ad8c3943b9020ed3ffb6cd0450befd411e69d3522aa45e1a2bad3,NewSale
0x813c2398850725d31aD455C2165Ab37B050dE3a5,82329,0xbc2d6E7c81E7f35473b3594031FCC4c519fD24Ad,0,0xdb29aadc3535697dc69ac1f1e08283040ec392e6,1,210000000000000,46730000,152878,5015177,1743165105,0xac88521a6196db1415271ca03d17fe9e48eeba27144ce73fa0f2394d8227bf8e,NewSale
0x64f7C019021aC74A68D90D08491Ca43b2a632E71,82312,0xbc2d6E7c81E7f35473b3594031FCC4c519fD24Ad,1,0x529f71b8285ecbabf59359e9284e98ad05e683e7,1,17600000000000000000,46495922,161354,5015178,1743165107,0xe9eecc059f8117e24010cada5ec3c63215342b6a5ad0f6f1a02c45ae65b7a636,NewSale
0xE35c31E6A98Bec760680B6c80E6929948Dc4E99C,82317,0xbc2d6E7c81E7f35473b3594031FCC4c519fD24Ad,0,0xb2bdd1742e18a3dfd480631fa25c2c23368d679b,1,200000000000000,46739632,140578,5015183,1743165117,0x099cc5e49a57be1d598261bf3727f6ef3dd02a4e42b20236bdc0433c13e21a76,NewSale
0xE35c31E6A98Bec760680B6c80E6929948Dc4E99C,82316,0xbc2d6E7c81E7f35473b3594031FCC4c519fD24Ad,0,0x18604f192ca2583d60ab1bcf4496f476624b032c,1,230000000000000,47730128,140578,5015185,1743165121,0x49bcf24530de1160ba24d9df96677a941518c66ac0c1cca61e3bb8eb80766c73,NewSale
0x64f7C019021aC74A68D90D08491Ca43b2a632E71,82312,0xbc2d6E7c81E7f35473b3594031FCC4c519fD24Ad,1,0x529f71b8285ecbabf59359e9284e98ad05e683e7,1,17600000000000000000,47300177,161354,5015200,1743165151,0xe39a8417c6c3b9b79e2e3adff90e26c8e53df7858f5baa31799d1aa981173754,NewSale
0x4B75F754c3Bc03A91f14eF1Ea44891a14f5c9059,82327,0xbc2d6E7c81E7f35473b3594031FCC4c519fD24Ad,0,0xb2bdd1742e18a3dfd480631fa25c2c23368d679b,1,200000000000000,47644946,140578,5015207,1743165165,0xcbbca2a912caec749dfa6c0d0a2534b156bb4c66e55bbffcee7d1c885f600c03,NewSale
0xC0DEc165A5d6e6766Fbc35c977f89535899D0411,77663,0xbc2d6E7c81E7f35473b3594031FCC4c519fD24Ad,0,0xb7cfacb04652e7e13a013683cdd724d2fa3b4d63,1,249999950000000,47721821,142201,5015210,1743165171,0xf741143c5a7db01365f59f0aa8f6fb9edfb1395147a7e5134ebda14271533575,NewSale
0xE35c31E6A98Bec760680B6c80E6929948Dc4E99C,82314,0xbc2d6E7c81E7f35473b3594031FCC4c519fD24Ad,0,0x46fb3624c300acbe6e720e3f2fb16f3f5b7c44b3,1,230000000000000,48839281,135766,5015215,1743165181,0xae2b5b601d6d4e7e6c158a8b17d828a588c0f153bf3077757342457faadf98dc,NewSale
0x01bCe3F1d4089Ff6aB4F486012B4DFc00f1852cF,81848,0xdc0F91C5a4D200FfC21658901c77c0fE1A14d199,0,0xd54f6dc09fdec7d9c3dd7d7f3fedaa7154f4836d,1,650000000000000,47900000,150183,5015217,1743165185,0x202a1769e2854436cfb158ad8d8c6159ddd31bcc5a720ddacd1963c8f6fa32da,NewSale
0x64f7C019021aC74A68D90D08491Ca43b2a632E71,82312,0xbc2d6E7c81E7f35473b3594031FCC4c519fD24Ad,1,0x529f71b8285ecbabf59359e9284e98ad05e683e7,1,17600000000000000000,48238316,161354,5015222,1743165195,0x0007cf3a271b9dfb4da044aa8cf096c5c92466d649d6baa5d400ba5965384eeb,NewSale
0xC0DEc165A5d6e6766Fbc35c977f89535899D0411,77663,0xbc2d6E7c81E7f35473b3594031FCC4c519fD24Ad,0,0xb7cfacb04652e7e13a013683cdd724d2fa3b4d63,1,249999950000000,48224355,142201,5015228,1743165207,0x0b2fa1e3db381f3c2fd2d556622c9dc1449111087ca2e7fa4dd389504c838b3f,NewSale
0xdB29Aadc3535697dc69Ac1f1E08283040ec392e6,82337,0xbc2d6E7c81E7f35473b3594031FCC4c519fD24Ad,0,0x7b8961c71f8006366cfa7e9714f2ad002418a721,1,210000000000000,48860000,152866,5015231,1743165213,0x97bfb74dd16df62b3bdbc0ee1106e85da5cf1ca141906a467480a0fb7155c0ac,NewSale
0x4B75F754c3Bc03A91f14eF1Ea44891a14f5c9059,82330,0xbc2d6E7c81E7f35473b3594031FCC4c519fD24Ad,0,0xb2bdd1742e18a3dfd480631fa25c2c23368d679b,1,200000000000000,48284296,140578,5015232,1743165215,0x86078b731e0f6af675a28ed63240f3fc562db8beef9c057ba70337db93dd6204,NewSale
0x4B75F754c3Bc03A91f14eF1Ea44891a14f5c9059,82325,0xbc2d6E7c81E7f35473b3594031FCC4c519fD24Ad,0,0x46fb3624c300acbe6e720e3f2fb16f3f5b7c44b3,1,200000000000000,49542194,140566,5015242,1743165235,0x95114e53e58bde23314cd52e1a8a374a6e5870440632fc8ac71bd0b7ec8b84d6,NewSale
0x64f7C019021aC74A68D90D08491Ca43b2a632E71,82312,0xbc2d6E7c81E7f35473b3594031FCC4c519fD24Ad,1,0x529f71b8285ecbabf59359e9284e98ad05e683e7,1,17600000000000000000,48471306,161354,5015243,1743165237,0xcb9bf8a4f04fd4e07a1ab54108310f594332296d5ea49ca7436938c69c4a736e,NewSale
0x64f7C019021aC74A68D90D08491Ca43b2a632E71,82312,0xbc2d6E7c81E7f35473b3594031FCC4c519fD24Ad,1,0x529f71b8285ecbabf59359e9284e98ad05e683e7,1,17600000000000000000,49040711,161354,5015265,1743165281,0xa326fc15beade20290c2633e16a3458af6fafee24a3b8d1b69fbb750162e317c,NewSale
0x4B75F754c3Bc03A91f14eF1Ea44891a14f5c9059,82334,0xbc2d6E7c81E7f35473b3594031FCC4c519fD24Ad,0,0x46fb3624c300acbe6e720e3f2fb16f3f5b7c44b3,1,200000000000000,50085791,140566,5015266,1743165283,0xafce5a3d2b0c826c39f605ae432497b0ea81c284e6b1af7151cc86db54f8b780,NewSale
0x4B75F754c3Bc03A91f14eF1Ea44891a14f5c9059,82328,0xbc2d6E7c81E7f35473b3594031FCC4c519fD24Ad,0,0xb2bdd1742e18a3dfd480631fa25c2c23368d679b,1,200000000000000,49085791,140578,5015266,1743165283,0x479c49558e964201b21e26b1e160b6ea094476a0ddd30cb1ec368ab57790f732,NewSale
0x7B8961c71F8006366Cfa7e9714F2ad002418a721,82343,0xbc2d6E7c81E7f35473b3594031FCC4c519fD24Ad,0,0xc5155b308d74897d42daac2a4810b2b65f2c065e,1,210000000000000,50170000,152878,5015282,1743165315,0x93c6567d5aa718a452478686d93d114903d5bd563262f17d6dd5e45d6f3b2e9f,NewSale
0x4B75F754c3Bc03A91f14eF1Ea44891a14f5c9059,82339,0xbc2d6E7c81E7f35473b3594031FCC4c519fD24Ad,0,0x18604f192ca2583d60ab1bcf4496f476624b032c,1,200000000000000,49258201,135778,5015286,1743165323,0x2ec199c9a9e9234570cfd52635641827be1cc44c242937a25f8205802210e7f6,NewSale
0x64f7C019021aC74A68D90D08491Ca43b2a632E71,82312,0xbc2d6E7c81E7f35473b3594031FCC4c519fD24Ad,1,0x529f71b8285ecbabf59359e9284e98ad05e683e7,1,17600000000000000000,49258201,161354,5015286,1743165323,0xa03c619f6dcc3155d66c2d6ec207997e2e6f9bafbafb0b18fe5fda39621de510,NewSale
0x64f7C019021aC74A68D90D08491Ca43b2a632E71,82312,0xbc2d6E7c81E7f35473b3594031FCC4c519fD24Ad,1,0x529f71b8285ecbabf59359e9284e98ad05e683e7,1,17600000000000000000,49133061,161354,5015308,1743165367,0xa57f3cbb379ee724fdab970d6dec46f3cf4a97c8278789b3fd48feb5f02a5138,NewSale
0x80fe121B69163E17bd4e9CC573652e29E48fa4ae,80302,0x897d1cBBeDC44c8371672e8cA72555b5194D6D86,0,0xe003e18125004b74f0ec1c2ae6aadcafebd414c6,1,996000000000000,50280000,151798,5015311,1743165373,0xe95be35d4bacadde393b20340dd730371daf8659216d63ca6f4057249f1a521f,NewSale
0x785DC7204e2Da8694c045e615562e946AADbf914,82326,0xbc2d6E7c81E7f35473b3594031FCC4c519fD24Ad,1,0xb7cfacb04652e7e13a013683cdd724d2fa3b4d63,1,220000000000000,49616053,157678,5015322,1743165395,0xa6a4d310e24c048b46a9e14da0cfbd7af1ae0e07ebcfab1e5513b88dd7cda36e,NewSale
0xD27F6FA27b122a1A477ed1F00f929b4637C5D101,82335,0xbc2d6E7c81E7f35473b3594031FCC4c519fD24Ad,0,0x4ef878dfed8d83cde4425deff202a6c5724a167e,1,240000000000000,50220000,140566,5015327,1743165405,0x27e0805a886d41b4904fae325dbabd681da836b6034bf73f5e6e6204fa7e5a90,NewSale
0xC5155b308d74897D42DAAc2a4810b2B65f2c065E,82347,0xbc2d6E7c81E7f35473b3594031FCC4c519fD24Ad,0,0xe8b3c588d7fe23e3e174075704f1055274247d0b,1,210000000000000,50520000,152878,5015330,1743165411,0x79ecfa0338b0d080a5c0d21ca066811b36424ae27ac5a081fea0f1e21c8bb5a2,NewSale
0x64f7C019021aC74A68D90D08491Ca43b2a632E71,82312,0xbc2d6E7c81E7f35473b3594031FCC4c519fD24Ad,1,0x529f71b8285ecbabf59359e9284e98ad05e683e7,1,17600000000000000000,49566979,161354,5015330,1743165411,0x1baf37f0c51d10a4c0fad309dc54db2fa4e3f60c48c7048c422d462516ac455b,NewSale
0xE35c31E6A98Bec760680B6c80E6929948Dc4E99C,82324,0xbc2d6E7c81E7f35473b3594031FCC4c519fD24Ad,1,0xd27f6fa27b122a1a477ed1f00f929b4637c5d101,1,230000000000000,50525812,135778,5015334,1743165419,0x14138a2f88c9084765cc36c3d33607d8580a88cb1d13f13afcb49651ed57a635,NewSale
0x5fE58DB3FB96991cA5a0B853C5f39D150532aC0e,82331,0x02e21A25F0038fa5BDEe9c0b77aC0c1E84d3d6f0,2331,0x24e9ae4b24c000f10fefc003f240aba60332b0a3,1,350000000000000,49527898,155246,5015336,1743165423,0x8a5c28da8332fe643d3f23586ea6ba97bccbf6ff87674295921bd5ba47f012be,NewSale
0x64f7C019021aC74A68D90D08491Ca43b2a632E71,82312,0xbc2d6E7c81E7f35473b3594031FCC4c519fD24Ad,1,0x529f71b8285ecbabf59359e9284e98ad05e683e7,1,17600000000000000000,49684689,161354,5015352,1743165455,0x40f7c957ed19ff6f6ddaea8d12b0407b6e9f20531b01da01e24a16e9b95da721,NewSale
0x785DC7204e2Da8694c045e615562e946AADbf914,82319,0xbc2d6E7c81E7f35473b3594031FCC4c519fD24Ad,0,0xb2bdd1742e18a3dfd480631fa25c2c23368d679b,1,220000000000000,49565206,140578,5015354,1743165459,0xbec776f2ee20d22dc46c8cd61919f85a47e196166911222d1a37523071578615,NewSale
0x5fE58DB3FB96991cA5a0B853C5f39D150532aC0e,82333,0x02e21A25F0038fa5BDEe9c0b77aC0c1E84d3d6f0,2324,0x003170bf04615dbcc0a237dc7364df6bf3ed4bd7,1,350000000000000,50925876,155246,5015369,1743165489,0x675d76a4eddc78c313c723524cd131078b20f63f45b1ec6dd753fc1d2efb2dc9,NewSale
0x64f7C019021aC74A68D90D08491Ca43b2a632E71,82312,0xbc2d6E7c81E7f35473b3594031FCC4c519fD24Ad,1,0x529f71b8285ecbabf59359e9284e98ad05e683e7,1,17600000000000000000,50123750,154943,5015374,1743165499,0x775d963c567eb5267c9bfda937ba39a8e23ecd26f1b910c37ae1bf90f02415bb,NewSale
0xE8B3C588D7Fe23e3E174075704F1055274247d0B,82352,0xbc2d6E7c81E7f35473b3594031FCC4c519fD24Ad,0,0x745b9a68e2240de3a88f3cf2861f0cd5c784adb1,1,210000000000000,50890000,152878,5015378,1743165507,0x150885db2216e896f4393fb07622e18a1286e1f5d79b6c6aeaffbd3815ed6b7b,NewSale
0xc1373238731fd3736E2a2aCBAD25975784005E91,82119,0x02e21A25F0038fa5BDEe9c0b77aC0c1E84d3d6f0,2289,0x24e9ae4b24c000f10fefc003f240aba60332b0a3,1,880000,50300566,178605,5015411,1743165573,0x54f45832fc488d593fcfa2151613275fd2c31179bce197058b024da3ff618ec3,NewSale
0x745b9A68e2240de3a88F3cf2861f0Cd5C784adb1,82359,0xbc2d6E7c81E7f35473b3594031FCC4c519fD24Ad,0,0xb7cfacb04652e7e13a013683cdd724d2fa3b4d63,1,210000000000000,49873772,135778,5015421,1743165593,0xa28764a55c172ea31eae679917f084d9d1f31886355ef6c80f6810dc39fcde8e,NewSale
0xE4f4BaEd82d30f2244fE1722aeda37dEF4B38Ddc,82344,0x02e21A25F0038fa5BDEe9c0b77aC0c1E84d3d6f0,2321,0x003170bf04615dbcc0a237dc7364df6bf3ed4bd7,1,340000000000000,50763410,138146,5015444,1743165639,0xff97802e991f0fb868564335c4581660ee2cde0caa8dff7b57e5c0fe405b75d7,NewSale
0x01bCe3F1d4089Ff6aB4F486012B4DFc00f1852cF,81962,0xdc0F91C5a4D200FfC21658901c77c0fE1A14d199,0,0xed55d640c8b647412d75381f5a1ea3c6eb415b1a,1,650000000000000,50934917,167283,5015448,1743165647,0x1e71d8e6be5615e43eb26a1036ed60b65a36d97a0eee5e5150acee78182c1b50,NewSale
0x529F71B8285ECbabF59359e9284E98AD05e683E7,82361,0xbc2d6E7c81E7f35473b3594031FCC4c519fD24Ad,1,0x64f7c019021ac74a68d90d08491ca43b2a632e71,1,17600000000000000000,50140183,178454,5015458,1743165667,0x3ede9468555cf4b7d1ec8861e8bcf0c0b34b03a5e2db87be8bb73cff70d9780d,NewSale
0xD27F6FA27b122a1A477ed1F00f929b4637C5D101,82363,0xbc2d6E7c81E7f35473b3594031FCC4c519fD24Ad,1,0x813c2398850725d31ad455c2165ab37b050de3a5,1,220000000000000,50850000,157678,5015461,1743165673,0x674c1b678c3a398366d85547e5f1d33b0ab12879d50794e44add08188142c6f6,NewSale
0x74B0d6c19716a605693CAbfb034b49AD0e818dFe,82005,0x02e21A25F0038fa5BDEe9c0b77aC0c1E84d3d6f0,2261,0x24e9ae4b24c000f10fefc003f240aba60332b0a3,1,900000,50453640,188205,5015471,1743165693,0x01fe075dfe1d473334286e7817b49368e437f2f6e9814081dae4fbff63973370,NewSale
0x529F71B8285ECbabF59359e9284E98AD05e683E7,82361,0xbc2d6E7c81E7f35473b3594031FCC4c519fD24Ad,1,0x64f7c019021ac74a68d90d08491ca43b2a632e71,1,17600000000000000000,50931477,161354,5015480,1743165711,0x063e2459e43a0305bc82ef190a85fd5f7cddcb3de14d8d43d6761b4f8c1ecc1e,NewSale
0x5fE58DB3FB96991cA5a0B853C5f39D150532aC0e,82332,0x02e21A25F0038fa5BDEe9c0b77aC0c1E84d3d6f0,2329,0x003170bf04615dbcc0a237dc7364df6bf3ed4bd7,1,350000000000000,51974665,133346,5015484,1743165719,0xb2637671ad08862adab3c6ba1fec651ea5a86561e57da59dde8e305835404e53,NewSale
0x529F71B8285ECbabF59359e9284E98AD05e683E7,82361,0xbc2d6E7c81E7f35473b3594031FCC4c519fD24Ad,1,0x64f7c019021ac74a68d90d08491ca43b2a632e71,1,17600000000000000000,51025295,161354,5015502,1743165755,0x054551ee326402e78137337b9fe403cbbeaacded83567635a8ada0dd45016a3b,NewSale
0x813c2398850725d31aD455C2165Ab37B050dE3a5,82365,0xbc2d6E7c81E7f35473b3594031FCC4c519fD24Ad,1,0xdb29aadc3535697dc69ac1f1e08283040ec392e6,1,210000000000000,51910000,152878,5015515,1743165781,0x9c1e68160770c677781efb5d12fc02df94910fc1a964ddbb8544014fe08bec2f,NewSale
0x74B0d6c19716a605693CAbfb034b49AD0e818dFe,82007,0x02e21A25F0038fa5BDEe9c0b77aC0c1E84d3d6f0,2262,0x24e9ae4b24c000f10fefc003f240aba60332b0a3,1,900000,50855701,171105,5015523,1743165797,0x6fe784bbf9ad5fe9cf80bd0b17e524242a914d114cbff30705b701eb9ffc25a4,NewSale
0x529F71B8285ECbabF59359e9284E98AD05e683E7,82361,0xbc2d6E7c81E7f35473b3594031FCC4c519fD24Ad,1,0x64f7c019021ac74a68d90d08491ca43b2a632e71,1,17600000000000000000,50963456,161354,5015524,1743165799,0xb4d88c3b4f2696d71fda9006fcffb7213f98714eb31b139998ff6f12b99c0d5e,NewSale
0xc362596B64FfdFDE97D771e6539DbDf4E6486c61,82193,0xbc2d6E7c81E7f35473b3594031FCC4c519fD24Ad,0,0xd493aeb502fb60440911826d8d401d85aa4bb110,1,19000000000000000000,51610000,180555,5015525,1743165801,0x4ce28bc84d1c02abbc3beceea1a9a74140945c51d690df74cd9471e0c6db4dd7,NewSale
0x529F71B8285ECbabF59359e9284E98AD05e683E7,82361,0xbc2d6E7c81E7f35473b3594031FCC4c519fD24Ad,1,0x64f7c019021ac74a68d90d08491ca43b2a632e71,1,17600000000000000000,51051030,161354,5015546,1743165843,0xa9e65159096e11c0e4091d77ef1d6d3abf776034ddda8bbb9483ff87f9aed002,NewSale
0xD27F6FA27b122a1A477ed1F00f929b4637C5D101,82354,0xbc2d6E7c81E7f35473b3594031FCC4c519fD24Ad,0,0xd337146576ba4ae1e1322e8f5452c4bef03df8c6,1,230000000000000,51950000,140578,5015559,1743165869,0x2535892ea28314efc08be672188f3b4ebfc2eb4ae8bacb3f6df4c71484221ba4,NewSale
0xE2ED076bd3a197fF4411C926b9308814eFbc9878,81227,0xbc2d6E7c81E7f35473b3594031FCC4c519fD24Ad,0,0xcd18b43189e093f120d3c0910ac8b6be0661ff9e,1,260000000000000,52629337,135778,5015566,1743165883,0x06bf71ef6b2739e2da37d3e77c3c6fec7a1b1ab89ee0a42550f4663f1cb46b86,NewSale
0x529F71B8285ECbabF59359e9284E98AD05e683E7,82361,0xbc2d6E7c81E7f35473b3594031FCC4c519fD24Ad,1,0x64f7c019021ac74a68d90d08491ca43b2a632e71,1,17600000000000000000,51625808,161354,5015568,1743165887,0x1aeeb971c8451169dec346c981308b4abf40e7976f15861ac4e4bcdcc969fdb3,NewSale
0xdB29Aadc3535697dc69Ac1f1E08283040ec392e6,82367,0xbc2d6E7c81E7f35473b3594031FCC4c519fD24Ad,1,0x7b8961c71f8006366cfa7e9714f2ad002418a721,1,210000000000000,52220000,152866,5015569,1743165889,0x1af82f237b30edf2a951aa3c0c7994cc3ce3575dd1316068f1c7e49c891d7a27,NewSale
0xC0DEc165A5d6e6766Fbc35c977f89535899D0411,74779,0xbc2d6E7c81E7f35473b3594031FCC4c519fD24Ad,0,0xcd18b43189e093f120d3c0910ac8b6be0661ff9e,1,269999990000000,52775322,142201,5015584,1743165919,0x376366c28a9b7d63dc0b99f8ba4e19c03de700d7b203ab26071bdf695db84dd3,NewSale
0x529F71B8285ECbabF59359e9284E98AD05e683E7,82361,0xbc2d6E7c81E7f35473b3594031FCC4c519fD24Ad,1,0xd493aeb502fb60440911826d8d401d85aa4bb110,1,17600000000000000000,52775322,182154,5015584,1743165919,0xe43d90838a7687eb9e0f4a8dccee089e1a899e79d12af93df081571f18b17575,NewSale
0x529F71B8285ECbabF59359e9284E98AD05e683E7,82361,0xbc2d6E7c81E7f35473b3594031FCC4c519fD24Ad,1,0x64f7c019021ac74a68d90d08491ca43b2a632e71,1,17600000000000000000,51794987,161354,5015589,1743165929,0xb34e56929219d90eda8c02ab6ba0e7a0fdbbfd76080f28315fa3bd37d720c97d,NewSale
0x46Fb3624C300aCbe6E720e3F2FB16f3f5b7c44b3,82369,0xbc2d6E7c81E7f35473b3594031FCC4c519fD24Ad,0,0x24e9ae4b24c000f10fefc003f240aba60332b0a3,1,200000000000000,51786594,140566,5015598,1743165947,0xba6759716d4a9cd22c48106c1105a7c323256370df40f85745d8fa46fb710525,NewSale
0x5BaC4631f43a159A20b3A56fAbb23690B911F8d5,81245,0xbc2d6E7c81E7f35473b3594031FCC4c519fD24Ad,1,0xcd18b43189e093f120d3c0910ac8b6be0661ff9e,1,260000000000000,52951449,152878,5015606,1743165963,0xd6cf261ab387f76112a5d3629f38f010beba273284a44ff5325d90b1630e5613,NewSale
0x529F71B8285ECbabF59359e9284E98AD05e683E7,82361,0xbc2d6E7c81E7f35473b3594031FCC4c519fD24Ad,1,0x64f7c019021ac74a68d90d08491ca43b2a632e71,1,17600000000000000000,52246386,161354,5015611,1743165973,0xb98a6c96a2555ea8f2efa37171c944dcf03b3f49006f2fc4d694069de1163025,NewSale
0xFE9797474780c759D3ad1cAD3e8CB798A161c944,81292,0xbc2d6E7c81E7f35473b3594031FCC4c519fD24Ad,0,0xcd18b43189e093f120d3c0910ac8b6be0661ff9e,1,270000000000000,53468552,140578,5015627,1743166005,0x701942b2097b16aa6ec12205d8d74f82beb791b6f24547b368e0efb2fb1d81c0,NewSale
0xeb418E53EFcDc351137C9A81c70967b8D7063f4C,82362,0x7e5F161dd824d98AC3474eBf550716d0cb83E8C6,0,0x4825aeca0500ed908d2a546952f17cc94af94a0f,1,500000000000000,53140000,164771,5015628,1743166007,0x313132feaa22b8d19abee1beb960aef610713fe2d56ee1bf68b617cc032fc59c,NewSale
0x7B8961c71F8006366Cfa7e9714F2ad002418a721,82375,0xbc2d6E7c81E7f35473b3594031FCC4c519fD24Ad,1,0xc5155b308d74897d42daac2a4810b2b65f2c065e,1,210000000000000,53290000,152878,5015630,1743166011,0x0c44e4834075d778c4e3a05cf56e6c499a85e0d2b0e71958583e911f598658cb,NewSale
0x529F71B8285ECbabF59359e9284E98AD05e683E7,82361,0xbc2d6E7c81E7f35473b3594031FCC4c519fD24Ad,1,0x64f7c019021ac74a68d90d08491ca43b2a632e71,1,17600000000000000000,52727464,161354,5015633,1743166017,0xdafcabd3987bbd240eb710d653abefaa66d17413ba9606c0112af432cb8a67da,NewSale
0x529F71B8285ECbabF59359e9284E98AD05e683E7,82361,0xbc2d6E7c81E7f35473b3594031FCC4c519fD24Ad,1,0xd493aeb502fb60440911826d8d401d85aa4bb110,1,17600000000000000000,53957317,165054,5015646,1743166043,0x168eaee1d0083475ea3c30aa411a11f389eb1f0072bf0bfd2655328d6e5c9be6,NewSale
0xA50502281B70a5E7A087e1Af6c8e695dABb3Fd26,81291,0xbc2d6E7c81E7f35473b3594031FCC4c519fD24Ad,0,0xcd18b43189e093f120d3c0910ac8b6be0661ff9e,1,270000000000000,53897668,140578,5015649,1743166049,0x2807f3851853a2a57a0c1aed34e1555c054055e137cd9638d3de5fcada225070,NewSale
0xE4f4BaEd82d30f2244fE1722aeda37dEF4B38Ddc,82350,0x02e21A25F0038fa5BDEe9c0b77aC0c1E84d3d6f0,2323,0x24e9ae4b24c000f10fefc003f240aba60332b0a3,1,340000000000000,53509410,138146,5015653,1743166057,0x02642fe1a05d202b2cdd30fead2627de8090c9bad9596b12e5f56fc0385ce5f0,NewSale
0x529F71B8285ECbabF59359e9284E98AD05e683E7,82361,0xbc2d6E7c81E7f35473b3594031FCC4c519fD24Ad,1,0x64f7c019021ac74a68d90d08491ca43b2a632e71,1,17600000000000000000,53617610,161354,5015655,1743166061,0x8cca3abc96aa641275e4e312e905f07113142cf8bf2937dae0ffa6dd2e737234,NewSale
0xc362596B64FfdFDE97D771e6539DbDf4E6486c61,82204,0xbc2d6E7c81E7f35473b3594031FCC4c519fD24Ad,0,0xd493aeb502fb60440911826d8d401d85aa4bb110,1,19000000000000000000,54876856,163455,5015668,1743166087,0x138c6da772b614a231d3c5986018b7e2e9295125ec6b6b50d8bea1f0311de710,NewSale
0x3cfEc4628548188494fF87731791e4C4f3c3FA7f,81434,0xbc2d6E7c81E7f35473b3594031FCC4c519fD24Ad,0,0xcd18b43189e093f120d3c0910ac8b6be0661ff9e,1,270000000000000,54804882,140578,5015673,1743166097,0x4ffb5b561522df2fee8b28dc94b6444768f191532dafb8ee65e0fecab6349da8,NewSale
0xC5155b308d74897D42DAAc2a4810b2B65f2c065E,82377,0xbc2d6E7c81E7f35473b3594031FCC4c519fD24Ad,1,0xe8b3c588d7fe23e3e174075704f1055274247d0b,1,210000000000000,54630000,152878,5015676,1743166103,0x68fb1bbd369b30a54f64eac3e69bf2bec90b25cd3b83c781f7e2e295714f88a1,NewSale
0x529F71B8285ECbabF59359e9284E98AD05e683E7,82361,0xbc2d6E7c81E7f35473b3594031FCC4c519fD24Ad,1,0x64f7c019021ac74a68d90d08491ca43b2a632e71,1,17600000000000000000,53829953,161354,5015677,1743166105,0x91773362e101f86096b67df52acf8a6274da05cd64963eb79f5c979f850c4f83,NewSale
0xc362596B64FfdFDE97D771e6539DbDf4E6486c61,82194,0xbc2d6E7c81E7f35473b3594031FCC4c519fD24Ad,0,0xd493aeb502fb60440911826d8d401d85aa4bb110,1,19500000000000000000,55030760,163455,5015692,1743166135,0x33e2a6adc11f8d6a13af3514cb2cf09dc64a8b0be3e03a06869d09dd907d364f,NewSale
0xf6e024C40e7627988e51B0161d479F0B6c8Ac63A,82364,0xEB255E4669Da7FeEf1F746a5a778b4e08b65a1A7,0,0x24e9ae4b24c000f10fefc003f240aba60332b0a3,1,390000000000000,54060721,145371,5015693,1743166137,0x7e75c41f0fd90d5a0e48e31787a9774ffb22dcd2910b5aa502667cb6774562a0,NewSale
0x3e8055A30C4db8a6e05e27622DfB30c3DB0b2eFa,81447,0xbc2d6E7c81E7f35473b3594031FCC4c519fD24Ad,0,0xcd18b43189e093f120d3c0910ac8b6be0661ff9e,1,270000000000000,55051483,140578,5015695,1743166141,0x65f6364329303921f33634558420723d39a604e8f2b7986b9bc288294393f229,NewSale
0x529F71B8285ECbabF59359e9284E98AD05e683E7,82361,0xbc2d6E7c81E7f35473b3594031FCC4c519fD24Ad,1,0x64f7c019021ac74a68d90d08491ca43b2a632e71,1,17600000000000000000,54079219,161354,5015699,1743166149,0xd474ffb565cfcd7b5a9a2d0ae4e58b8f013dc48b47996b06e2a7354f7eb0ff28,NewSale
0xE8B3C588D7Fe23e3E174075704F1055274247d0B,82380,0xbc2d6E7c81E7f35473b3594031FCC4c519fD24Ad,1,0x745b9a68e2240de3a88f3cf2861f0cd5c784adb1,1,210000000000000,55020000,152878,5015715,1743166181,0x498a0065740dd7a505d0ab0b859ed080e7544a34f7b574485eb25183808e64c0,NewSale
0xB8e2A6Dff8313aB090ADd95d02f31F371e64F62a,81404,0xbc2d6E7c81E7f35473b3594031FCC4c519fD24Ad,0,0xcd18b43189e093f120d3c0910ac8b6be0661ff9e,1,270000000000000,55357750,140578,5015716,1743166183,0x0548e448a321b9d1ce1213880d8fa0db658e357ac1ea3df1dd0c064edb2b9f4f,NewSale
0x529F71B8285ECbabF59359e9284E98AD05e683E7,82361,0xbc2d6E7c81E7f35473b3594031FCC4c519fD24Ad,1,0x64f7c019021ac74a68d90d08491ca43b2a632e71,1,17600000000000000000,54607151,161354,5015721,1743166193,0x6613b8e5c172e2bb47e94c7522c247901d3ffade02992118149c72c94ad75174,NewSale
0x46Fb3624C300aCbe6E720e3F2FB16f3f5b7c44b3,82360,0xbc2d6E7c81E7f35473b3594031FCC4c519fD24Ad,0,0x6c28f443c491f941def2fd983f4ce044e1c52a29,1,230000000000000,55644973,140578,5015722,1743166195,0x85e6ba1eaa446c9416c315d58ae4038aae8e0cc0fab329f4f81de293da3d01d5,NewSale
0xB8e2A6Dff8313aB090ADd95d02f31F371e64F62a,81418,0xbc2d6E7c81E7f35473b3594031FCC4c519fD24Ad,0,0xcd18b43189e093f120d3c0910ac8b6be0661ff9e,1,270000000000000,55544318,140578,5015736,1743166223,0x864d14f019a8c76caa2eda1dc45e471ce3e117d8a42f495c30349257a64ccffb,NewSale
0x01bCe3F1d4089Ff6aB4F486012B4DFc00f1852cF,81860,0xdc0F91C5a4D200FfC21658901c77c0fE1A14d199,0,0x1ffc958bc75d6a7d7fc673f8de6bc3a580d1522e,1,650000000000000,55030000,150183,5015739,1743166229,0xdc37a0bc5bccf265304609b51c10204c5140b1321ec99093d7fee7200dd70be9,NewSale
0x529F71B8285ECbabF59359e9284E98AD05e683E7,82361,0xbc2d6E7c81E7f35473b3594031FCC4c519fD24Ad,1,0x64f7c019021ac74a68d90d08491ca43b2a632e71,1,17600000000000000000,54676801,154943,5015743,1743166237,0x2499ffb0cbd9d5d208cda6b4ec5b9ebd308e339e83586346b8857b3e2e80c11d,NewSale
0xf3fc7730BF75975A916428d69DD20FBe35A20fc9,82366,0x02e21A25F0038fa5BDEe9c0b77aC0c1E84d3d6f0,1517,0x24e9ae4b24c000f10fefc003f240aba60332b0a3,1,529900000000000,54966125,138146,5015749,1743166249,0x4157bcf658776107693bb5792a7d75359dacaa57b41ceafa909fef0569e3ed45,NewSale
0x745b9A68e2240de3a88F3cf2861f0Cd5C784adb1,82383,0xbc2d6E7c81E7f35473b3594031FCC4c519fD24Ad,1,0xdb29aadc3535697dc69ac1f1e08283040ec392e6,1,210000000000000,56040000,152878,5015768,1743166287,0xcd23562464371f64b236fbb62ef31c20a0e264c209e360b0087c82db249382c8,NewSale
0xCB1185CB6Efba420Acc9E30149Ad971860195c9E,81421,0xbc2d6E7c81E7f35473b3594031FCC4c519fD24Ad,0,0xcd18b43189e093f120d3c0910ac8b6be0661ff9e,1,270000000000000,56788344,140578,5015772,1743166295,0xb88801d81bf97fa9dbf2d7c6ded0149d5e40ef35ff957770291a32dae409a374,NewSale
0xA9951905f28Fd604888F4C3AE31F4eC34de44486,82351,0xbc2d6E7c81E7f35473b3594031FCC4c519fD24Ad,1,0x24e9ae4b24c000f10fefc003f240aba60332b0a3,1,249000000000000,56284443,135766,5015788,1743166327,0x8738c811f7c3b85483aa4096b520b21a7251c7751fedb6d14de3a2008ff176f6,NewSale
0x6209AEB991Ab1F5114f8e567d3C85047a3F51B55,76482,0xbc2d6E7c81E7f35473b3594031FCC4c519fD24Ad,0,0x4ab96067c0848853c428eba7db682f34ba7823b3,1,300000000000000,56910000,140590,5015789,1743166329,0xa50317c3b8123257a61e104f51d8fea745d3c50028ab490646411152734ef5cd,NewSale
0x46Fb3624C300aCbe6E720e3F2FB16f3f5b7c44b3,82313,0xbc2d6E7c81E7f35473b3594031FCC4c519fD24Ad,1,0x4ab96067c0848853c428eba7db682f34ba7823b3,1,255000000000000,57270000,157678,5015821,1743166393,0xddf7fddeb951fb9407c58c63ceb3c6f56d915e4e3b29624dfd48c05a468a4b9c,NewSale
0xc362596B64FfdFDE97D771e6539DbDf4E6486c61,82198,0xbc2d6E7c81E7f35473b3594031FCC4c519fD24Ad,0,0xd493aeb502fb60440911826d8d401d85aa4bb110,1,19000000000000000000,57440172,163455,5015823,1743166397,0xd060aae9589ec3fb1304d644e403bdfef6b3b5e38c3fba5529b99a5b81b6285b,NewSale
0xeb418E53EFcDc351137C9A81c70967b8D7063f4C,82382,0x7e5F161dd824d98AC3474eBf550716d0cb83E8C6,2,0xbb7fea355a1cdda937346d39019f0505f4a2d945,1,500000000000000,57300000,164783,5015823,1743166397,0x328305d929f6d1199ef66af18a090fb9e28df993f2e4757e0d991e7cf72daf41,NewSale
0xdB29Aadc3535697dc69Ac1f1E08283040ec392e6,82388,0xbc2d6E7c81E7f35473b3594031FCC4c519fD24Ad,1,0x7b8961c71f8006366cfa7e9714f2ad002418a721,1,210000000000000,57320000,152866,5015826,1743166403,0x0a32c39113cc9a907e7bff817726b2b87064c2a74fff527c4739c501b23b5be4,NewSale
0xD27F6FA27b122a1A477ed1F00f929b4637C5D101,82374,0xbc2d6E7c81E7f35473b3594031FCC4c519fD24Ad,1,0x6c28f443c491f941def2fd983f4ce044e1c52a29,1,230000000000000,57263920,135778,5015832,1743166415,0x53413d46d7ae5b9a1a4f559fcf61e1fb69d6ce3fbcbe2280915370050cb3cdf8,NewSale
0x46Fb3624C300aCbe6E720e3F2FB16f3f5b7c44b3,82373,0xbc2d6E7c81E7f35473b3594031FCC4c519fD24Ad,0,0xb2bdd1742e18a3dfd480631fa25c2c23368d679b,1,230000000000000,55963872,140578,5015844,1743166439,0xcecdead2f3cd663b33df6196060af82960ad2cf4b7c03f14da9998ac24693cfe,NewSale
0x80fe121B69163E17bd4e9CC573652e29E48fa4ae,80774,0xbc2d6E7c81E7f35473b3594031FCC4c519fD24Ad,0,0xd493aeb502fb60440911826d8d401d85aa4bb110,1,19900000000000000000,56876180,163443,5015846,1743166443,0x0a2e049ed492f3a68fb280dde1339384491ee097a125153446cc33c972b2cd38,NewSale
0xC0DEc165A5d6e6766Fbc35c977f89535899D0411,77662,0xbc2d6E7c81E7f35473b3594031FCC4c519fD24Ad,0,0x4ab96067c0848853c428eba7db682f34ba7823b3,1,249999960000000,57220000,142189,5015852,1743166455,0x52128fd4aa4712e06c4b5114a1d0a23785fc1888dc347ee521aa8ab516f6e03d,NewSale
0xD27F6FA27b122a1A477ed1F00f929b4637C5D101,82368,0xbc2d6E7c81E7f35473b3594031FCC4c519fD24Ad,0,0x22df8f85ad9850151582f89e37237bf0517f87dd,1,230000000000000,57210000,135778,5015852,1743166455,0x7d7f568bc9e56900559e4bac940b9009cade88e41e04e6edb0ac524d90c307c5,NewSale
0x80fe121B69163E17bd4e9CC573652e29E48fa4ae,80886,0xbc2d6E7c81E7f35473b3594031FCC4c519fD24Ad,0,0xd493aeb502fb60440911826d8d401d85aa4bb110,1,19500000000000000000,56911938,165066,5015864,1743166479,0x46fc5777379c2f2f0c1d939f5378b67d37fcf94247b3c2f5e963aa3b5b24c904,NewSale
0xD54f6DC09FdEC7D9c3Dd7d7F3fEdaa7154f4836D,82355,0xdc0F91C5a4D200FfC21658901c77c0fE1A14d199,0,0x45182a45edde87bf0f4c7b1d372842b780a1f7c1,1,900000000000000,56880000,150183,5015875,1743166501,0x2bd20ba3393c361ed5ec682d0147150322306e4132437af477f2ce1883e1f12d,NewSale
0xC0DEc165A5d6e6766Fbc35c977f89535899D0411,77661,0xbc2d6E7c81E7f35473b3594031FCC4c519fD24Ad,0,0x4ab96067c0848853c428eba7db682f34ba7823b3,1,249999970000000,56880000,142201,5015879,1743166509,0x4640e4657b387b3fcee33d068ea93ad0d5e3d1ddcf2ffd2c9909b33def298128,NewSale
0xC88cbbe94e754c48D58E72876b96B602fC85250F,82384,0xbc2d6E7c81E7f35473b3594031FCC4c519fD24Ad,1,0x3fcb7fca376dc495f13549019660c282f19bb407,1,249900000000000,60000000,152878,5015883,1743166517,0x1e5e8687f16d9d946bd4fca588af179220f9225be060b923ef94004ed00ee7b7,NewSale
0x7052E369a55D36b10Ab43B0f2B41273C8bceA84c,81277,0xdc0F91C5a4D200FfC21658901c77c0fE1A14d199,0,0x26d338151193267498b113d9bd77c29b3836ee01,1,30000000000000000000,56870000,186930,5015884,1743166519,0xce22a608ee20395538c6aba934265b4af87df901e5d20bdb40431e68ebfacc38,NewSale
0x5fE58DB3FB96991cA5a0B853C5f39D150532aC0e,82386,0x02e21A25F0038fa5BDEe9c0b77aC0c1E84d3d6f0,2337,0xfce196d7863346fe0f339cd4ee14878db34644a9,1,360000000000000,56790773,155258,5015887,1743166525,0xb3d01d1c8547891e446d55dec2308503560854c10821d5279cf300f9a7442048,NewSale
0xC0DEc165A5d6e6766Fbc35c977f89535899D0411,77659,0xbc2d6E7c81E7f35473b3594031FCC4c519fD24Ad,0,0x4ab96067c0848853c428eba7db682f34ba7823b3,1,249999980000000,56720000,142177,5015905,1743166561,0x34d11be4f5aea06e98297669c022eaea574174461675b4d125960a5eb6c2bc96,NewSale
0x5fE58DB3FB96991cA5a0B853C5f39D150532aC0e,82385,0x02e21A25F0038fa5BDEe9c0b77aC0c1E84d3d6f0,2339,0xfce196d7863346fe0f339cd4ee14878db34644a9,1,360000000000000,57131305,133358,5015912,1743166575,0x72923a192c814970e24f720c6a591cd1ed6e429191677551de498452e4f07d35,NewSale
0x142E11B8De389A00576788cE1D42E8b1072cF785,82379,0xbc2d6E7c81E7f35473b3594031FCC4c519fD24Ad,1,0x6c28f443c491f941def2fd983f4ce044e1c52a29,1,249900000000000,57225890,135778,5015916,1743166583,0xa1ef194cd423319c2aa1e547127fb10cd277155e7323b7e31469135abcaf7016,NewSale
0xC0DEc165A5d6e6766Fbc35c977f89535899D0411,77663,0xbc2d6E7c81E7f35473b3594031FCC4c519fD24Ad,0,0xb2bdd1742e18a3dfd480631fa25c2c23368d679b,1,249999950000000,56236465,142201,5015917,1743166585,0x8a768bed592598bf225e985785ce855e0ed0f9cef6bc5f1422fff3287d2af905,NewSale
0x80fe121B69163E17bd4e9CC573652e29E48fa4ae,80886,0xbc2d6E7c81E7f35473b3594031FCC4c519fD24Ad,0,0xd493aeb502fb60440911826d8d401d85aa4bb110,1,19500000000000000000,58194759,165066,5015939,1743166629,0x1c43c49d488af61690975af40c965ef2f75fef31ff50357de42ef3e8a50bc0f6,NewSale
0xe3988AA503e79FFe8a346d9240b9B7b9c9172C7C,82391,0xbc2d6E7c81E7f35473b3594031FCC4c519fD24Ad,1,0xf86d4bef4aba7371172fe6dce310a1163d7cfd6f,1,249900000000000,58123601,152878,5015960,1743166671,0xb75a3296a9d8cd09a3de6c7d20794af17a9ca95789929fd251da3b59d3308ed4,NewSale
0x0a7cD065Dc7d2D13BED380d6E90B39D3e18762C2,82390,0xbc2d6E7c81E7f35473b3594031FCC4c519fD24Ad,1,0x22df8f85ad9850151582f89e37237bf0517f87dd,1,249900000000000,58130000,152878,5015976,1743166703,0x895b64368493abf2cb44f2f7f07158eba961779b9b4d4f98a51a907a3f9527e0,NewSale
0x382dAEf9D320cdC147467D6493d5F9510860847E,82372,0xEB255E4669Da7FeEf1F746a5a778b4e08b65a1A7,0,0xfce196d7863346fe0f339cd4ee14878db34644a9,1,250000000000000,58170763,150171,5015990,1743166731,0x5fce2fc50386aa8c85e5b5cf24857cb4ba024295be9da30061193e0db680b45a,NewSale
0xeF0Ef28b882d166B732d00A01Ea762B9CCd3FE44,82393,0xbc2d6E7c81E7f35473b3594031FCC4c519fD24Ad,1,0x6c28f443c491f941def2fd983f4ce044e1c52a29,1,230000000000000,59373665,142189,5016008,1743166767,0x975075964a9ca2a39c3b7e2c13bdcbafecf4f2f8b8627b5110469bf4d759f055,NewSale
0xC0DEc165A5d6e6766Fbc35c977f89535899D0411,74779,0xbc2d6E7c81E7f35473b3594031FCC4c519fD24Ad,0,0xb0131f9775be0d4ed66cc475b3c515a7e1f5d26a,1,269999990000000,59170000,142201,5016042,1743166835,0x9a87b9e624282e6d97b898a907f040cff1fed07477bd61ee16ae314eb17d0e75,NewSale
0xf6e024C40e7627988e51B0161d479F0B6c8Ac63A,82392,0xdc0F91C5a4D200FfC21658901c77c0fE1A14d199,0,0xa61f23023c9937236080840e1e58e0314cc95b58,1,600000000000000,59630033,145383,5016055,1743166861,0x1983063dd17f9943ea6c8ee8ab130f69527620f1f798d9c89975a8419faf402a,NewSale
0xC0DEc165A5d6e6766Fbc35c977f89535899D0411,77663,0xbc2d6E7c81E7f35473b3594031FCC4c519fD24Ad,0,0xd28a56466940c8cfc1e8f0f112ceafa567a10a0b,1,249999950000000,59470034,142201,5016069,1743166889,0x88cb4d4033e0900c52a27decf3a5d125f53345f351dc566084d5e7d60403d021,NewSale
0x42D571E087C41A57a3b8eFdf3d3c6c7bc31C408C,82395,0xbc2d6E7c81E7f35473b3594031FCC4c519fD24Ad,1,0xb0131f9775be0d4ed66cc475b3c515a7e1f5d26a,1,249900000000000,59470000,152878,5016073,1743166897,0x2454b73aba3c0f6d1d88d0c70f9f182e6aa58a3843c0687bc4d24221496a7489,NewSale
0xC0DEc165A5d6e6766Fbc35c977f89535899D0411,77663,0xbc2d6E7c81E7f35473b3594031FCC4c519fD24Ad,0,0x5d2a356f78ac2135c70180ee1996c2ba24087a3a,1,249999950000000,59470000,159301,5016080,1743166911,0x74d0140aff50bd5c74001127431fd1369c490d6020b1dbe0ba215c5c47c5d257,NewSale
0xeF0Ef28b882d166B732d00A01Ea762B9CCd3FE44,82393,0xbc2d6E7c81E7f35473b3594031FCC4c519fD24Ad,1,0x4d64da347486d1d0515a98b527c7730c6384c8e3,1,230000000000000,59965413,142189,5016087,1743166925,0x6a81e211a9f788eb61f26c15197be42de9d3072975a71c877f92b3e2c012a944,NewSale
0x565996B75771375644cB75CA74ECc63a41D27f40,82401,0xbc2d6E7c81E7f35473b3594031FCC4c519fD24Ad,1,0xd28a56466940c8cfc1e8f0f112ceafa567a10a0b,1,249900000000000,60012997,135778,5016088,1743166927,0xd893ea649c90ddb844ad2a3110e0f3de2c62e18fb8c89f74699c5858f638189c,NewSale
0xeF0Ef28b882d166B732d00A01Ea762B9CCd3FE44,82393,0xbc2d6E7c81E7f35473b3594031FCC4c519fD24Ad,1,0x6c28f443c491f941def2fd983f4ce044e1c52a29,1,230000000000000,60262366,142189,5016094,1743166939,0x9683db5a19dc3c722bb7e549e8fe059b290b9bc9d7c6d3d31581dc1db096feb9,NewSale
0xf6e024C40e7627988e51B0161d479F0B6c8Ac63A,82403,0xbc2d6E7c81E7f35473b3594031FCC4c519fD24Ad,1,0xfce196d7863346fe0f339cd4ee14878db34644a9,1,440000000000000,60725719,142201,5016108,1743166967,0xf43f17f13bf5626ae09aa4a8b2ee2edb52a055513cd50a0c2f7a1387d0802127,NewSale
0xeF0Ef28b882d166B732d00A01Ea762B9CCd3FE44,82393,0xbc2d6E7c81E7f35473b3594031FCC4c519fD24Ad,1,0xd28a56466940c8cfc1e8f0f112ceafa567a10a0b,1,230000000000000,60861680,142189,5016109,1743166969,0xa2786d0bd7d03fb7033d9cf194a849b5a078abeba7733379dbf985e44a73646b,NewSale
0xE4f4BaEd82d30f2244fE1722aeda37dEF4B38Ddc,82400,0x02e21A25F0038fa5BDEe9c0b77aC0c1E84d3d6f0,1414,0xd54f6dc09fdec7d9c3dd7d7f3fedaa7154f4836d,1,370000000000000,60470000,155258,5016110,1743166971,0xf2290c6d686eba4745df771feef49d6bf67102f7bfebf5725efcacf4c96415a5,NewSale
0xBB7FEA355a1CdDa937346D39019F0505F4A2d945,82405,0x7e5F161dd824d98AC3474eBf550716d0cb83E8C6,2,0xfce196d7863346fe0f339cd4ee14878db34644a9,1,550000000000000,60976082,162483,5016116,1743166983,0xf353f64014df445a0f8eaff47683fea09f80be84ecaa018b8de637289d3eebdc,NewSale
0xeF0Ef28b882d166B732d00A01Ea762B9CCd3FE44,82393,0xbc2d6E7c81E7f35473b3594031FCC4c519fD24Ad,1,0xd28a56466940c8cfc1e8f0f112ceafa567a10a0b,1,230000000000000,61154108,142189,5016127,1743167005,0xc6f0f1c75fd9c1484f126cdd0b7017906e1df81c96fecf8cf5541409a14d82b0,NewSale
0xeF0Ef28b882d166B732d00A01Ea762B9CCd3FE44,82393,0xbc2d6E7c81E7f35473b3594031FCC4c519fD24Ad,1,0xd28a56466940c8cfc1e8f0f112ceafa567a10a0b,1,230000000000000,61013974,142189,5016146,1743167043,0x47c31a257904dcff8c1fa029d8b919fa248620a7cb204d5ec372bf8d6f618f18,NewSale
0xeF0Ef28b882d166B732d00A01Ea762B9CCd3FE44,82393,0xbc2d6E7c81E7f35473b3594031FCC4c519fD24Ad,1,0xd28a56466940c8cfc1e8f0f112ceafa567a10a0b,1,230000000000000,60447115,142189,5016163,1743167077,0x96d861ba3fc737d90e5e296a46eae3e0edc6b4b55a7aa9bcaf02fd38771e2cc4,NewSale
0xC0DEc165A5d6e6766Fbc35c977f89535899D0411,77663,0xbc2d6E7c81E7f35473b3594031FCC4c519fD24Ad,0,0xd54f6dc09fdec7d9c3dd7d7f3fedaa7154f4836d,1,249999950000000,60480000,142201,5016168,1743167087,0xa5cc1ad4d136dbfb9d614180f6323f7101da610354be9d163a5455159df02189,NewSale
0xC0DEc165A5d6e6766Fbc35c977f89535899D0411,77663,0xbc2d6E7c81E7f35473b3594031FCC4c519fD24Ad,0,0xd54f6dc09fdec7d9c3dd7d7f3fedaa7154f4836d,1,249999950000000,59900000,142201,5016208,1743167167,0xd732c3b5c34982fd06928e4f0253deb3d41a25ab53a81d98395e039689fada6a,NewSale
0xDC1497256D057eE72828D84084874d369838D098,82411,0xbc2d6E7c81E7f35473b3594031FCC4c519fD24Ad,1,0xc138cba68eaed543e76ce5f251a2246eee5735a8,1,249900000000000,59890000,152878,5016223,1743167197,0xb641d5a52398432e1c23c857b8ec5afd5136105154a2db3f508e6d930e1bede6,NewSale
0xC0DEc165A5d6e6766Fbc35c977f89535899D0411,77663,0xbc2d6E7c81E7f35473b3594031FCC4c519fD24Ad,0,0x7fdad7731adaa70be3ce10a4b21e36053702404b,1,249999950000000,59800000,142201,5016261,1743167273,0x616a9ff230caa159415679e1ce9323b542d3853640c2a2b41044da1350c0a904,NewSale
0xD3A6b9649693796f4254E56c3c3B4B33A8F711D2,81302,0xbc2d6E7c81E7f35473b3594031FCC4c519fD24Ad,0,0x7fdad7731adaa70be3ce10a4b21e36053702404b,1,270000000000000,60010000,140578,5016281,1743167313,0xedd6445ef9543a5e6cfaed5bdddc00c19d759a5053f32c0bbf556c54fb9a7251,NewSale
0xeF0Ef28b882d166B732d00A01Ea762B9CCd3FE44,82393,0xbc2d6E7c81E7f35473b3594031FCC4c519fD24Ad,1,0x5d2a356f78ac2135c70180ee1996c2ba24087a3a,1,230000000000000,60070000,159289,5016289,1743167329,0x426f395236dcea375ccb621440a5086911d95618b7b54f5bb4cdd5c33f1a2aa4,NewSale
0xf0A7421eF7452be21aed200e607CE15569824295,82415,0xbc2d6E7c81E7f35473b3594031FCC4c519fD24Ad,1,0xdb69a928641c4f797df4ce49a877e8af54904e3e,1,249900000000000,60770000,152878,5016301,1743167353,0x9a6669e6f051beb64d1f0f8fdc220289cca91312f463288b24c9b8d962df00f4,NewSale
0x3f814dC225B278a2D480d9d28d53FD5f44e23123,81082,0xbc2d6E7c81E7f35473b3594031FCC4c519fD24Ad,0,0xb0131f9775be0d4ed66cc475b3c515a7e1f5d26a,1,250000000000000,61710000,140578,5016324,1743167399,0x26a400f3d1389ed1f090ec14b39f5721136c716044cb8d9d3cdee05f9a343cd5,NewSale
0x7E28e4270F37E2a8db3B8f23c4c1FE8Ef8dC1FB4,82394,0x897d1cBBeDC44c8371672e8cA72555b5194D6D86,0,0xb537c442580e6f13f5e223f12e87a0be88b2750e,1,400000000000000,61484159,145387,5016326,1743167403,0x95ef07b5a9928197271113af18fa2aa6cd093aab148f07b1a497003077948ef6,NewSale
0x6f8057449Bba6988Db409fB27291B10743441f84,81067,0xbc2d6E7c81E7f35473b3594031FCC4c519fD24Ad,1,0xd493aeb502fb60440911826d8d401d85aa4bb110,1,25000000000000000000,61512980,158655,5016328,1743167407,0xb0012bcb22a36a585aee5e98a9792677e49c3d702c6cd9db9743f6b802c4b9ea,NewSale
0xeF0Ef28b882d166B732d00A01Ea762B9CCd3FE44,82393,0xbc2d6E7c81E7f35473b3594031FCC4c519fD24Ad,1,0xdb69a928641c4f797df4ce49a877e8af54904e3e,1,230000000000000,61710000,142189,5016334,1743167419,0x17c39d49ccbc752cbdb3ca365cd24e75f3c64ab05f7b804f6700bbf8470a97e1,NewSale
0xeF0Ef28b882d166B732d00A01Ea762B9CCd3FE44,82393,0xbc2d6E7c81E7f35473b3594031FCC4c519fD24Ad,1,0xd337146576ba4ae1e1322e8f5452c4bef03df8c6,1,230000000000000,61320000,157678,5016341,1743167433,0x60f3dbef5c999a8a9f5f93ef07aa156c2253ba12ed70be148337eb76cbbab612,NewSale
0xC0DEc165A5d6e6766Fbc35c977f89535899D0411,74777,0xbc2d6E7c81E7f35473b3594031FCC4c519fD24Ad,0,0x22df8f85ad9850151582f89e37237bf0517f87dd,1,259999990000000,61320000,142201,5016354,1743167459,0xd79441c8cb54227d8e1ae02d4505d6931037e957f993be2ec9f62c32e4307563,NewSale
0xC0DEc165A5d6e6766Fbc35c977f89535899D0411,77663,0xbc2d6E7c81E7f35473b3594031FCC4c519fD24Ad,0,0xdb69a928641c4f797df4ce49a877e8af54904e3e,1,249999950000000,61050000,142201,5016371,1743167493,0x1c31f417e158fbb0558b3ca07455a5ecf5066c21aa912511e1dcc2209095ba55,NewSale
0xC0DEc165A5d6e6766Fbc35c977f89535899D0411,77663,0xbc2d6E7c81E7f35473b3594031FCC4c519fD24Ad,0,0x4d64da347486d1d0515a98b527c7730c6384c8e3,1,249999950000000,61124594,142201,5016376,1743167503,0x5d4e0063656efc7e97c19531beef709f1f1139f4ba3b79d60171fd00bf2d6946,NewSale
0xC0DEc165A5d6e6766Fbc35c977f89535899D0411,77659,0xbc2d6E7c81E7f35473b3594031FCC4c519fD24Ad,0,0xb0131f9775be0d4ed66cc475b3c515a7e1f5d26a,1,249999980000000,60910000,142177,5016378,1743167507,0x4ab2e84812d4ef1de3cc3ee5c4f05919a162589248e576fa946b209dfde9ab76,NewSale
0xC0DEc165A5d6e6766Fbc35c977f89535899D0411,77662,0xbc2d6E7c81E7f35473b3594031FCC4c519fD24Ad,0,0xdb69a928641c4f797df4ce49a877e8af54904e3e,1,249999960000000,61020000,142189,5016387,1743167525,0x65f83245b7f19b1c337971f305ef5b72d25d25fc26a4fd93e4e44c75fcde3624,NewSale
0xC0DEc165A5d6e6766Fbc35c977f89535899D0411,77663,0xbc2d6E7c81E7f35473b3594031FCC4c519fD24Ad,0,0x7fdad7731adaa70be3ce10a4b21e36053702404b,1,249999950000000,60970000,142201,5016387,1743167525,0x69b3d952265ed159b73b293a4998665b5d6a851b745a704a6c2bb1a600b89213,NewSale
0x3Fcb7fcA376Dc495f13549019660C282F19bb407,82396,0xbc2d6E7c81E7f35473b3594031FCC4c519fD24Ad,1,0xdb69a928641c4f797df4ce49a877e8af54904e3e,1,250000000000000,61100000,135778,5016401,1743167553,0x2ed145094331b928a3a2ff96df05f397d6a6eb2252ad814944cd629e41e6d223,NewSale
0xcbCf4575B48CC0a4929DaaeE376169116F68DD17,82420,0xbc2d6E7c81E7f35473b3594031FCC4c519fD24Ad,1,0x45182a45edde87bf0f4c7b1d372842b780a1f7c1,1,249900000000000,61220000,135778,5016421,1743167593,0xea762025362a33e9c3a430675a856650f810ae3ae0df93ec4600f80a43ec04ec,NewSale
0xC0DEc165A5d6e6766Fbc35c977f89535899D0411,74893,0xbc2d6E7c81E7f35473b3594031FCC4c519fD24Ad,0,0xdb69a928641c4f797df4ce49a877e8af54904e3e,1,249999990000000,61270000,142201,5016426,1743167603,0xa93e5c7e8e3b69f35c84372337bce7bb963a771d8dd4810c735c50c8bee8b729,NewSale
0xC0DEc165A5d6e6766Fbc35c977f89535899D0411,74777,0xbc2d6E7c81E7f35473b3594031FCC4c519fD24Ad,0,0xdb69a928641c4f797df4ce49a877e8af54904e3e,1,259999990000000,61350000,142201,5016440,1743167631,0xd93cd39e27f62a44db47f1939fb02bb7d1138b56b5fe61f646669f798f10c7c6,NewSale
0xBB7FEA355a1CdDa937346D39019F0505F4A2d945,82407,0x7e5F161dd824d98AC3474eBf550716d0cb83E8C6,0,0xfce196d7863346fe0f339cd4ee14878db34644a9,1,550000000000000,61819375,162483,5016445,1743167641,0x47d0c3e156948426d331fa9588e893e3f70f8c4c8e1b4e09ffe668494bae1ea8,NewSale
0xC0DEc165A5d6e6766Fbc35c977f89535899D0411,77663,0xbc2d6E7c81E7f35473b3594031FCC4c519fD24Ad,0,0x6c7582d02fb90949bbd367bf4fc2910a632d9a9e,1,249999950000000,61257971,142201,5016446,1743167643,0xddad53e91db32655e03569052abcde7d345206ecb4181d0b77e4d6a500e85f47,NewSale
0xf084531A7801A1CC3847a4f6B75eBe164b5fa8A0,81296,0xbc2d6E7c81E7f35473b3594031FCC4c519fD24Ad,0,0xb537c442580e6f13f5e223f12e87a0be88b2750e,1,270000000000000,61863943,135778,5016447,1743167645,0x826630f809170b91609638d139a97ff823503370bff76707ddd26e07ddead165,NewSale
0xC0DEc165A5d6e6766Fbc35c977f89535899D0411,77662,0xbc2d6E7c81E7f35473b3594031FCC4c519fD24Ad,0,0xdb69a928641c4f797df4ce49a877e8af54904e3e,1,249999960000000,63000000,142189,5016453,1743167657,0xe2fea0f2bba6677e281d992c45e553019b49a851c64136e8f390e6e08704ed2b,NewSale
0xC0DEc165A5d6e6766Fbc35c977f89535899D0411,77659,0xbc2d6E7c81E7f35473b3594031FCC4c519fD24Ad,0,0x7fdad7731adaa70be3ce10a4b21e36053702404b,1,249999980000000,62980000,142177,5016456,1743167663,0x4fedd06634823ee5b7ef1deec1ba8db7e39614e259569309f453beca2030e97e,NewSale
0xeF0Ef28b882d166B732d00A01Ea762B9CCd3FE44,82426,0xbc2d6E7c81E7f35473b3594031FCC4c519fD24Ad,1,0x6c7582d02fb90949bbd367bf4fc2910a632d9a9e,1,245000000000000,62883242,159289,5016457,1743167665,0x122d0f67f3918a36d0451218aad8ba7add3c35b5d77d5bc9901ec3d11ec5b742,NewSale
0xeF0Ef28b882d166B732d00A01Ea762B9CCd3FE44,82426,0xbc2d6E7c81E7f35473b3594031FCC4c519fD24Ad,1,0x6c7582d02fb90949bbd367bf4fc2910a632d9a9e,1,245000000000000,62537518,142189,5016476,1743167703,0x0b2d9ed4f864b18861fddc9d285c186455e3dcbd99b63360306f2cc935480f1f,NewSale
0x80Af0A1265FDFD4fdD2aa84E424f80973D0E6fB7,81142,0xbc2d6E7c81E7f35473b3594031FCC4c519fD24Ad,0,0xdb69a928641c4f797df4ce49a877e8af54904e3e,1,260000000000000,62820000,135778,5016482,1743167715,0x1c053ea5104a1549bf7b9954d3d3754030f95cb0c8f864a2e95d3ac28cbbfff4,NewSale
0xbf5Ab8592addD237D35dDdd3660Ced9235219774,82432,0xbc2d6E7c81E7f35473b3594031FCC4c519fD24Ad,0,0xa327766ea3513d9c9d60de185cf2c0fb3bccad25,1,100000000000000000,63310000,180531,5016487,1743167725,0xa87d4742e303af484e14fe6408dfe75eea4ea11365ab2eb7c185f5a45448d575,NewSale
0xC0DEc165A5d6e6766Fbc35c977f89535899D0411,74777,0xbc2d6E7c81E7f35473b3594031FCC4c519fD24Ad,0,0xdb69a928641c4f797df4ce49a877e8af54904e3e,1,259999990000000,64650000,142201,5016496,1743167743,0xbd5cbab6f1f96d1dfbd96e438666853e5c1dda58975dc3df19bb51a3b32e2215,NewSale
0xC0DEc165A5d6e6766Fbc35c977f89535899D0411,77659,0xbc2d6E7c81E7f35473b3594031FCC4c519fD24Ad,0,0x27aabbc2ecf2c495dcf08512db0388ce211e32b5,1,249999980000000,63182784,142177,5016511,1743167773,0x4205f3576bd892284898f828d1539be522b5e97e3b5ae200bd12caee2499edab,NewSale
0xE4f4BaEd82d30f2244fE1722aeda37dEF4B38Ddc,82408,0xDfC21bE7cC791a5f03A95E836D385bBC6d7dF384,1373,0xfce196d7863346fe0f339cd4ee14878db34644a9,1,630000000000000,63290751,155258,5016520,1743167791,0x466d2559ddadecd0a17b59f72728086dbc2f98dfca055282c2bdcd8365d7f171,NewSale
0xbf5Ab8592addD237D35dDdd3660Ced9235219774,82436,0xbc2d6E7c81E7f35473b3594031FCC4c519fD24Ad,0,0xa327766ea3513d9c9d60de185cf2c0fb3bccad25,1,100000000000000000,63180000,163443,5016522,1743167795,0xfdebe035bad93945741c85e09f04231dc746253043a41d689fec0616f2da2492,NewSale
0xe8C85D93a87Ee4D6546ad794A184a74E6f03A451,81156,0xbc2d6E7c81E7f35473b3594031FCC4c519fD24Ad,0,0x7fdad7731adaa70be3ce10a4b21e36053702404b,1,260000000000000,63180000,140578,5016527,1743167805,0x7cad218ead471fd812fcd2befffde2bc0f602728195fee895ad35ec06931ed75,NewSale
0xD3A6b9649693796f4254E56c3c3B4B33A8F711D2,81310,0xbc2d6E7c81E7f35473b3594031FCC4c519fD24Ad,0,0xb537c442580e6f13f5e223f12e87a0be88b2750e,1,270000000000000,63002826,140578,5016528,1743167807,0x7e974a46cc298670f82bbacae67ee3e86c9acfcf17ba46727c556f09700779e3,NewSale
0xeF0Ef28b882d166B732d00A01Ea762B9CCd3FE44,82426,0xbc2d6E7c81E7f35473b3594031FCC4c519fD24Ad,1,0x6c7582d02fb90949bbd367bf4fc2910a632d9a9e,1,245000000000000,62980970,142189,5016541,1743167833,0xe58ebb5848132f3c969d2456094a661fdc0e5326dd499125d19db3d0db11019f,NewSale
0xA50502281B70a5E7A087e1Af6c8e695dABb3Fd26,81313,0xbc2d6E7c81E7f35473b3594031FCC4c519fD24Ad,1,0xb537c442580e6f13f5e223f12e87a0be88b2750e,1,270000000000000,63164895,152878,5016548,1743167847,0x3fd5b7d593010dfe3c4fa18faeedf6f6b376f470d05a1aeab53e273fffbf1372,NewSale
0xbf5Ab8592addD237D35dDdd3660Ced9235219774,82437,0xbc2d6E7c81E7f35473b3594031FCC4c519fD24Ad,0,0xa327766ea3513d9c9d60de185cf2c0fb3bccad25,1,100000000000000000,62950000,163443,5016550,1743167851,0x38d14c0d39d76541301b0f49d2d056e556c0ed29c99d1c927b20529ccbad9cc2,NewSale
0xeF0Ef28b882d166B732d00A01Ea762B9CCd3FE44,82426,0xbc2d6E7c81E7f35473b3594031FCC4c519fD24Ad,1,0x6c7582d02fb90949bbd367bf4fc2910a632d9a9e,1,245000000000000,63037302,142189,5016556,1743167863,0x59f0fe1cbccf29192d2ce6ac43845b5a296c6e3c16091550ffc74517232e1d53,NewSale
0xC0DEc165A5d6e6766Fbc35c977f89535899D0411,74893,0xbc2d6E7c81E7f35473b3594031FCC4c519fD24Ad,0,0xa7f9ea8710d52d1dc6c776d684c0a4eb715f8b5e,1,249999990000000,63040767,142201,5016568,1743167887,0x6ba946ca8debfddd5140f0c047b89161d74746157dc8793e63ac7043365085f1,NewSale
0xbf5Ab8592addD237D35dDdd3660Ced9235219774,82439,0xbc2d6E7c81E7f35473b3594031FCC4c519fD24Ad,0,0xa327766ea3513d9c9d60de185cf2c0fb3bccad25,1,100000000000000000,62990000,163443,5016570,1743167891,0x3f088025b0355aa730be5884563d9ec03275ec6146756e45c4afbde23054426e,NewSale
0xE4f4BaEd82d30f2244fE1722aeda37dEF4B38Ddc,82410,0xDfC21bE7cC791a5f03A95E836D385bBC6d7dF384,1371,0xfce196d7863346fe0f339cd4ee14878db34644a9,1,630000000000000,62875688,138158,5016572,1743167895,0xf7265ae4bd70bf200bef832c4ae3e73a81de15ac337f7b9901fc4e1a23f6b86e,NewSale
0xBB7FEA355a1CdDa937346D39019F0505F4A2d945,82387,0xbc2d6E7c81E7f35473b3594031FCC4c519fD24Ad,0,0x16c8ba81dd188e144dced03606a8e2c26a569ee6,1,300000000000000,62555518,140590,5016581,1743167913,0x0f7ba1c1a0a9c8e2f5b74725a692da5cd45d265f302b35fbd7ce5d75427225db,NewSale
0xC0DEc165A5d6e6766Fbc35c977f89535899D0411,77659,0xbc2d6E7c81E7f35473b3594031FCC4c519fD24Ad,0,0x4d64da347486d1d0515a98b527c7730c6384c8e3,1,249999980000000,62763501,142177,5016595,1743167941,0x793aa9661bf423463a93ed155e40021ef6518a348684d790a4deac87fd2cb45d,NewSale
0xbf5Ab8592addD237D35dDdd3660Ced9235219774,82441,0xbc2d6E7c81E7f35473b3594031FCC4c519fD24Ad,0,0xa327766ea3513d9c9d60de185cf2c0fb3bccad25,1,100000000000000000,62300000,158643,5016595,1743167941,0xcf568b156cbaeedc96893afe20a58e020ce7556bd2d7dd1cddfa8524f823f5a6,NewSale
0x265dA936C88DC7Da7E89D6E4e913c04A1Dc67b9b,81309,0xbc2d6E7c81E7f35473b3594031FCC4c519fD24Ad,0,0x7fdad7731adaa70be3ce10a4b21e36053702404b,1,270000000000000,62730000,140578,5016600,1743167951,0xd75fd46e8aea85f27c5667b89fab411c17a15a6910fe9d879746d1487b904028,NewSale
0x80fe121B69163E17bd4e9CC573652e29E48fa4ae,80886,0xbc2d6E7c81E7f35473b3594031FCC4c519fD24Ad,0,0x8a3f938b28a375f57b9ee8c1613d86141db46a09,1,19500000000000000000,61201706,161366,5016610,1743167971,0xd4d92db878088b69e011da4135c83a8d7cff558e0c77caef094d57262a195003,NewSale
0x9B7827024dF20070F729D0acDA879C9e25aD6E0b,82429,0xbFCACb23F0B41EeEDFf7d04f52CE8f5125150806,3,0x5a9aeb34185cff54dd261da245eeb51b2b748c08,1,400000000000000,62670000,162471,5016611,1743167973,0x9f6bc76732a207130f727ccf592b5b911f6d296a1c60ce2bcd792377e34fae8c,NewSale
0x263c8D230b503A563A09DFdE0A9fEF3C93C5C1D5,81233,0xbc2d6E7c81E7f35473b3594031FCC4c519fD24Ad,1,0xa7f9ea8710d52d1dc6c776d684c0a4eb715f8b5e,1,260000000000000,62091159,157678,5016615,1743167981,0xad3adf10e3e879bca86f34f1b370e30e8b420c07a44d4b9ed2a535d24be32bb0,NewSale
0x01bCe3F1d4089Ff6aB4F486012B4DFc00f1852cF,81960,0xdc0F91C5a4D200FfC21658901c77c0fE1A14d199,0,0x0f9af440983d5e34272d5093fc5b3c8e932c5877,1,650000000000000,61862973,167283,5016620,1743167991,0xfdb57a6c2dc03b959a36b7f692302ed401e9c842ef0dec0a2a995ff750f9a836,NewSale
0xC0DEc165A5d6e6766Fbc35c977f89535899D0411,77662,0xbc2d6E7c81E7f35473b3594031FCC4c519fD24Ad,0,0xb537c442580e6f13f5e223f12e87a0be88b2750e,1,249999960000000,62048115,142189,5016622,1743167995,0x7e0f70a87d7b449097ebec16de00f65bbb94e62c8ef2ea0b4e8b5173cf3dba4b,NewSale
0xFE9797474780c759D3ad1cAD3e8CB798A161c944,81287,0xbc2d6E7c81E7f35473b3594031FCC4c519fD24Ad,0,0x7fdad7731adaa70be3ce10a4b21e36053702404b,1,270000000000000,61980000,135778,5016623,1743167997,0x18a11dda0816e47afa88de528e4ce971c792164121afea1b69545fb04e623801,NewSale
0xbf5Ab8592addD237D35dDdd3660Ced9235219774,82444,0xbc2d6E7c81E7f35473b3594031FCC4c519fD24Ad,1,0xa327766ea3513d9c9d60de185cf2c0fb3bccad25,1,100000000000000000,61980000,175743,5016628,1743168007,0x5d3adabc4e2de982a0a736e78aa1be5464442983eba61cc9b6d00a35505851fa,NewSale
0xE9f0BEEdeDA73670994a793a837EB345636C533f,82428,0xbc2d6E7c81E7f35473b3594031FCC4c519fD24Ad,1,0x6c7582d02fb90949bbd367bf4fc2910a632d9a9e,1,249900000000000,61923270,135778,5016632,1743168015,0x713ddc4c8db48dcf35c576ca2ada40c591739238b7aaebf767dd1d755ff1cffb,NewSale
0xA50502281B70a5E7A087e1Af6c8e695dABb3Fd26,81299,0xbc2d6E7c81E7f35473b3594031FCC4c519fD24Ad,0,0xa7f9ea8710d52d1dc6c776d684c0a4eb715f8b5e,1,270000000000000,61665383,135778,5016641,1743168033,0x260a7c1a2c6f28e5c155381b276751cf9fa03bef8ea2ed22d2df0aa87a186d89,NewSale
0x265dA936C88DC7Da7E89D6E4e913c04A1Dc67b9b,81315,0xbc2d6E7c81E7f35473b3594031FCC4c519fD24Ad,0,0xb537c442580e6f13f5e223f12e87a0be88b2750e,1,270000000000000,61665383,140578,5016641,1743168033,0xcd7ef08144380790e25ca0fb71215ce5b5608df89456259d661c0dad82572c17,NewSale
0xB0131f9775be0d4eD66cC475B3C515A7e1F5d26a,82442,0xbc2d6E7c81E7f35473b3594031FCC4c519fD24Ad,1,0xd337146576ba4ae1e1322e8f5452c4bef03df8c6,1,220000000000000,61870000,135778,5016643,1743168037,0x212114f7cfc7106baca3ad68febb7b2d3b7deb45d5cc49a64638cb3576bc3048,NewSale
0xB0131f9775be0d4eD66cC475B3C515A7e1F5d26a,82447,0xbc2d6E7c81E7f35473b3594031FCC4c519fD24Ad,0,0x6c7582d02fb90949bbd367bf4fc2910a632d9a9e,1,200000000000000,61348319,140578,5016649,1743168049,0x92b2e5fa1ff77db0db4bdf9841f9b4c97993eb16e59ce0f1055242ed1d9668c7,NewSale
0xC0DEc165A5d6e6766Fbc35c977f89535899D0411,74893,0xbc2d6E7c81E7f35473b3594031FCC4c519fD24Ad,0,0x4d64da347486d1d0515a98b527c7730c6384c8e3,1,249999990000000,61577267,142201,5016652,1743168055,0x945e8163b0747a530d4a2db3d8eb2088b9c34e443e5d59f270f734e03081788c,NewSale
0xC0DEc165A5d6e6766Fbc35c977f89535899D0411,74779,0xbc2d6E7c81E7f35473b3594031FCC4c519fD24Ad,0,0x7fdad7731adaa70be3ce10a4b21e36053702404b,1,269999990000000,61350000,142201,5016659,1743168069,0xc1b9e9574a59c6026ff46ab5bd2362a35a3fcefbbfab88952b969b3650c59bdc,NewSale
0xC0DEc165A5d6e6766Fbc35c977f89535899D0411,77663,0xbc2d6E7c81E7f35473b3594031FCC4c519fD24Ad,0,0xa7f9ea8710d52d1dc6c776d684c0a4eb715f8b5e,1,249999950000000,61426378,142201,5016661,1743168073,0x5049387576c4de3645f3d2e9b62e3c21c68b0da825223c51ecd3a7dc0aa08f41,NewSale
0x06C4bb82D8Dd291e9A642FE5cFA92408A4A7aD20,81690,0xbc2d6E7c81E7f35473b3594031FCC4c519fD24Ad,0,0xb537c442580e6f13f5e223f12e87a0be88b2750e,1,260000000000000,61478012,140578,5016662,1743168075,0x1e7beb89b99e668991215eca55737e862535d4860d87f193d90bdca42f706866,NewSale
0xeF0Ef28b882d166B732d00A01Ea762B9CCd3FE44,82426,0xbc2d6E7c81E7f35473b3594031FCC4c519fD24Ad,1,0x6c7582d02fb90949bbd367bf4fc2910a632d9a9e,1,245000000000000,61382919,142189,5016665,1743168081,0x3c9cb8e097d1c4d52b986855584b8f16ba62aefd7d016ba87ee11ca52cf028c9,NewSale
0xDC045DEeD55E31fd4384Dd8267fDB6E17a7d5a2D,81407,0xbc2d6E7c81E7f35473b3594031FCC4c519fD24Ad,0,0xa7f9ea8710d52d1dc6c776d684c0a4eb715f8b5e,1,270000000000000,61697449,140578,5016682,1743168115,0x2a71a943e8a9b7ebacec37675d0835258e22343c0f29d3a920d4c071069309cb,NewSale
0xC0DEc165A5d6e6766Fbc35c977f89535899D0411,74779,0xbc2d6E7c81E7f35473b3594031FCC4c519fD24Ad,0,0x7fdad7731adaa70be3ce10a4b21e36053702404b,1,269999990000000,61450000,142201,5016683,1743168117,0x32e44fe983a4f5a7d4736399fee3eec99212540a36e7544c3a794fb6a498135c,NewSale
0xA327766ea3513d9C9D60DE185Cf2C0fB3bCCAd25,82452,0xbc2d6E7c81E7f35473b3594031FCC4c519fD24Ad,0,0xbf5ab8592addd237d35dddd3660ced9235219774,1,100000000000000000,61340000,175743,5016701,1743168153,0xd8b790a77e96c1d9f8550a40df0dc3e24551a3e49d1677e067fa2e6763a2db28,NewSale
0xeF0Ef28b882d166B732d00A01Ea762B9CCd3FE44,82426,0xbc2d6E7c81E7f35473b3594031FCC4c519fD24Ad,1,0xb537c442580e6f13f5e223f12e87a0be88b2750e,1,245000000000000,61297601,142189,5016704,1743168159,0xd6681af0a284a487368b796de1e8d20aa76dae7293bea18cd6a9bbff9d0d4772,NewSale
0xDC045DEeD55E31fd4384Dd8267fDB6E17a7d5a2D,81422,0xbc2d6E7c81E7f35473b3594031FCC4c519fD24Ad,0,0xa7f9ea8710d52d1dc6c776d684c0a4eb715f8b5e,1,270000000000000,61083152,140578,5016709,1743168169,0x078934a4e44949d7100b6662c1aecb69b62ce8612743ded25eac2683c8221321,NewSale
0xf82Eda60130e915d09E2FD3adb91FB76Dc42e9dA,82433,0xbc2d6E7c81E7f35473b3594031FCC4c519fD24Ad,1,0x4d64da347486d1d0515a98b527c7730c6384c8e3,1,249900000000000,61164643,135778,5016714,1743168179,0x60f8969c3aef8a090c1a70d68782c02683ebe1ef1a61d17dc0cd9f9d814090ef,NewSale
0xE2ED076bd3a197fF4411C926b9308814eFbc9878,81243,0xbc2d6E7c81E7f35473b3594031FCC4c519fD24Ad,1,0xb537c442580e6f13f5e223f12e87a0be88b2750e,1,260000000000000,61459703,135778,5016724,1743168199,0x9dcb1aad90229537f5622bf54d4c963d8e7e9de547d1f1b80140e5698ab94fb3,NewSale
0xC0DEc165A5d6e6766Fbc35c977f89535899D0411,74779,0xbc2d6E7c81E7f35473b3594031FCC4c519fD24Ad,0,0xa7f9ea8710d52d1dc6c776d684c0a4eb715f8b5e,1,269999990000000,61624333,142201,5016735,1743168221,0x9b3bbaf0e1a6ce67c124bc5ff1e0f5a6ee3ba6b0a05f2cc6637d028284ffe21f,NewSale
0xB0131f9775be0d4eD66cC475B3C515A7e1F5d26a,82449,0xbc2d6E7c81E7f35473b3594031FCC4c519fD24Ad,0,0x6c7582d02fb90949bbd367bf4fc2910a632d9a9e,1,200000000000000,61454463,140578,5016736,1743168223,0xe3a9a3ab37c6651fa3f6df13c9a7220deecc5f59d88e6faceeaa24f542dc2fca,NewSale
0xC0DEc165A5d6e6766Fbc35c977f89535899D0411,77663,0xbc2d6E7c81E7f35473b3594031FCC4c519fD24Ad,0,0xb537c442580e6f13f5e223f12e87a0be88b2750e,1,249999950000000,61665057,142201,5016745,1743168241,0x8089d300a280ade96e15c3ac987554661d9edcb95f59ec3db095cba1e85bff0b,NewSale
0xA327766ea3513d9C9D60DE185Cf2C0fB3bCCAd25,82459,0xbc2d6E7c81E7f35473b3594031FCC4c519fD24Ad,0,0xbf5ab8592addd237d35dddd3660ced9235219774,1,100000000000000000,61760000,163443,5016761,1743168273,0xd19036ee2571856d216a19029b33bc90e2f6c3fd8c19971cb118eb89814a10ba,NewSale
0x265dA936C88DC7Da7E89D6E4e913c04A1Dc67b9b,81289,0xbc2d6E7c81E7f35473b3594031FCC4c519fD24Ad,0,0xa7f9ea8710d52d1dc6c776d684c0a4eb715f8b5e,1,270000000000000,61741134,135778,5016767,1743168285,0xbda26e18cacb1f1c659f951cb542c3c24f8128a9a31173ef6b7b012c199942d2,NewSale
0xE4f4BaEd82d30f2244fE1722aeda37dEF4B38Ddc,79662,0x02e21A25F0038fa5BDEe9c0b77aC0c1E84d3d6f0,1466,0x019e86c6fce8158bf80fe7e7a410c906d73b82fd,1,350000000000000,61741134,155258,5016767,1743168285,0x9e5e450acc7fb35209e8c1488bdd34dfded81e144abeff2fb2d193d0c04626d4,NewSale
0xD3A6b9649693796f4254E56c3c3B4B33A8F711D2,81288,0xbc2d6E7c81E7f35473b3594031FCC4c519fD24Ad,0,0x7fdad7731adaa70be3ce10a4b21e36053702404b,1,270000000000000,61300000,135778,5016776,1743168303,0x38f490bd0a9403a1877421a52445b198145f03a7437f3e930242e8736b2d3451,NewSale
0xB0131f9775be0d4eD66cC475B3C515A7e1F5d26a,82453,0xbc2d6E7c81E7f35473b3594031FCC4c519fD24Ad,0,0xd337146576ba4ae1e1322e8f5452c4bef03df8c6,1,200000000000000,61470000,140578,5016779,1743168309,0x2918894703c22f78d785acf9ed1eb2ac27d80d4797cb5837e73cef903158ec3a,NewSale
0xC0DEc165A5d6e6766Fbc35c977f89535899D0411,77663,0xbc2d6E7c81E7f35473b3594031FCC4c519fD24Ad,0,0xa7f9ea8710d52d1dc6c776d684c0a4eb715f8b5e,1,249999950000000,61521133,142201,5016786,1743168323,0x87fee6bc2ec3ca2d29981b859878d12bc41d4ec66b9fb610e6ee42a66c9b658b,NewSale
0xA327766ea3513d9C9D60DE185Cf2C0fB3bCCAd25,82464,0xbc2d6E7c81E7f35473b3594031FCC4c519fD24Ad,0,0xbf5ab8592addd237d35dddd3660ced9235219774,1,100000000000000000,61410000,163443,5016788,1743168327,0xb918b54022f3cc6bb976519b3cceae56fd2d30f656e4455b5759691a64386e04,NewSale
0x6050569EA1F0ddcE8f99e12b44F1aa2E1d97870c,82465,0xbc2d6E7c81E7f35473b3594031FCC4c519fD24Ad,0,0xa7f9ea8710d52d1dc6c776d684c0a4eb715f8b5e,1,240000000000000,61665087,140566,5016808,1743168367,0xffca2de972614bc708ac59ab504e5c357175d524dcf65841c0b48884eadebff9,NewSale
0xdA503d1282f27C72B1a802e25370F87b28629Ef5,81520,0xbc2d6E7c81E7f35473b3594031FCC4c519fD24Ad,1,0x7fdad7731adaa70be3ce10a4b21e36053702404b,1,270000000000000,61620000,140578,5016808,1743168367,0x9409726c163e11047a3ef7ad360d87e8e55eab742835434fcec817e6293c76a6,NewSale
0xA327766ea3513d9C9D60DE185Cf2C0fB3bCCAd25,82469,0xbc2d6E7c81E7f35473b3594031FCC4c519fD24Ad,0,0xbf5ab8592addd237d35dddd3660ced9235219774,1,100000000000000000,61610000,163443,5016816,1743168383,0x9d3c011569e817577aee2500b56285af7646dfafa9b2d4cfb51a788300f744df,NewSale
0xeF0Ef28b882d166B732d00A01Ea762B9CCd3FE44,82426,0xbc2d6E7c81E7f35473b3594031FCC4c519fD24Ad,1,0xcbb0f437c39f7dfef7e43055b6d17b7ce2f07752,1,245000000000000,62183856,159289,5016819,1743168389,0x75a9d9f55fdd3d22b929040a9813d122181e4de7f836ac788bee71cf90886344,NewSale
0x80fe121B69163E17bd4e9CC573652e29E48fa4ae,80886,0xbc2d6E7c81E7f35473b3594031FCC4c519fD24Ad,0,0x8a3f938b28a375f57b9ee8c1613d86141db46a09,1,19500000000000000000,61461177,161366,5016831,1743168413,0xf7be86901a1903e9322911e031bbe4d95dff46fc7cef0747275d5e35c06581cf,NewSale
0xB0131f9775be0d4eD66cC475B3C515A7e1F5d26a,82461,0xbc2d6E7c81E7f35473b3594031FCC4c519fD24Ad,0,0x52f103a5e646bde193089a6667c014b9cd7265fc,1,200000000000000,62380000,152878,5016836,1743168423,0xd5fae4e34ae77230c52fa07fe2f019b0e7af30adefcd1bf1487dd4505453b11f,NewSale
0x6050569EA1F0ddcE8f99e12b44F1aa2E1d97870c,82462,0xbc2d6E7c81E7f35473b3594031FCC4c519fD24Ad,0,0xcbb0f437c39f7dfef7e43055b6d17b7ce2f07752,1,200000000000000,62969602,140578,5016852,1743168455,0x09116267af820033809506993d93435609fbd302f1cff418a3c412b2200109cb,NewSale
0xeF0Ef28b882d166B732d00A01Ea762B9CCd3FE44,82426,0xbc2d6E7c81E7f35473b3594031FCC4c519fD24Ad,1,0x38679ff9876f0edccab281e2c49c74a68afd84b8,1,245000000000000,63191081,159289,5016858,1743168467,0xd8f27b39b4445d9031a700a663b36723cb16fa399370d08fe54c1b66f8d5694c,NewSale
0x263c8D230b503A563A09DFdE0A9fEF3C93C5C1D5,81242,0xbc2d6E7c81E7f35473b3594031FCC4c519fD24Ad,1,0x9afaa1e6ae5188ee8e8e1c281b4c1f53c51529cd,1,260000000000000,63181938,152878,5016859,1743168469,0x9c57de7fd31ac7ec32c46e0e3ef7620d9e76ba0f6de88e544aebd3ffda45de39,NewSale
0x01bCe3F1d4089Ff6aB4F486012B4DFc00f1852cF,81855,0xdc0F91C5a4D200FfC21658901c77c0fE1A14d199,0,0x153bc7c018c075d63580ba5c30c16995852f8a6a,1,650000000000000,62185135,150183,5016861,1743168473,0x345464ed5bdf985521669bb9ea47f82456e0ff06048da2971353fbfad302a19b,NewSale
0xCB1185CB6Efba420Acc9E30149Ad971860195c9E,81435,0xbc2d6E7c81E7f35473b3594031FCC4c519fD24Ad,0,0x52f103a5e646bde193089a6667c014b9cd7265fc,1,270000000000000,63130000,140578,5016866,1743168483,0x6482cf2e3911bcd621744cf2eee81c7de6e27ebc53dc78679ca9337fa1474f9d,NewSale
0x6050569EA1F0ddcE8f99e12b44F1aa2E1d97870c,82457,0xbc2d6E7c81E7f35473b3594031FCC4c519fD24Ad,0,0x69c53cd04c37bd4e818dc090dabea00bd15eb295,1,240000000000000,63057752,140566,5016869,1743168489,0x354c1b5a88fbad553166c33aeeea141cf8a59459a030fe764da99b3ac73f3a0a,NewSale
0xf6e024C40e7627988e51B0161d479F0B6c8Ac63A,82356,0x7e5F161dd824d98AC3474eBf550716d0cb83E8C6,1,0x5a9aeb34185cff54dd261da245eeb51b2b748c08,1,400000000000000,63210000,162471,5016873,1743168497,0x19a0f311718725c0b38c7e77b125e24cc244b7c3a3b96062bef036c45964d478,NewSale
0x3cfEc4628548188494fF87731791e4C4f3c3FA7f,81405,0xbc2d6E7c81E7f35473b3594031FCC4c519fD24Ad,0,0x38679ff9876f0edccab281e2c49c74a68afd84b8,1,270000000000000,63169429,140578,5016879,1743168509,0x39471335207e1ad9a1178eb01bd01fc360b67c3d375c5e6ce4d8257a9ee1a901,NewSale
0x27530d20E1E89D61fdc8489C2f075bEd58350569,82474,0xbc2d6E7c81E7f35473b3594031FCC4c519fD24Ad,0,0x52f103a5e646bde193089a6667c014b9cd7265fc,1,230000000000000,63160000,140578,5016880,1743168511,0x306b9ef418fd2f5ad30ebeed6d8e617bb8b123d0c112d314cc451fa0b5568943,NewSale
0xC0DEc165A5d6e6766Fbc35c977f89535899D0411,74786,0xbc2d6E7c81E7f35473b3594031FCC4c519fD24Ad,0,0x9afaa1e6ae5188ee8e8e1c281b4c1f53c51529cd,1,265000000000000,63136972,142189,5016881,1743168513,0xf184a58ce1eb17c3358557fc327c9ba9e90fd0f4ec4b166d786cf88b622d6d1a,NewSale
0x06C4bb82D8Dd291e9A642FE5cFA92408A4A7aD20,81694,0xbc2d6E7c81E7f35473b3594031FCC4c519fD24Ad,0,0x69c53cd04c37bd4e818dc090dabea00bd15eb295,1,260000000000000,63132505,140578,5016891,1743168533,0xfb48fca23d27ab9d3dd4bdaf3cae33b75c948d0e22e808df985ce7d4f7a6af08,NewSale
0x6050569EA1F0ddcE8f99e12b44F1aa2E1d97870c,82468,0xbc2d6E7c81E7f35473b3594031FCC4c519fD24Ad,0,0x52f103a5e646bde193089a6667c014b9cd7265fc,1,240000000000000,62990000,140566,5016893,1743168537,0x35f08ae69f6a9e811deda1570e99175dd9abd2a3f3695bd433d6712fb4d69172,NewSale
0xA327766ea3513d9C9D60DE185Cf2C0fB3bCCAd25,82482,0xbc2d6E7c81E7f35473b3594031FCC4c519fD24Ad,1,0xbf5ab8592addd237d35dddd3660ced9235219774,1,100000000000000000,62980000,175743,5016894,1743168539,0x35e0acb7da86144ec746736691607790d689b8853b25db60e121a208359368e5,NewSale
0x3cfEc4628548188494fF87731791e4C4f3c3FA7f,81448,0xbc2d6E7c81E7f35473b3594031FCC4c519fD24Ad,0,0x38679ff9876f0edccab281e2c49c74a68afd84b8,1,270000000000000,63266066,140578,5016900,1743168551,0x90b3209f6c7bdefdd924e7ff83dbb9b92426169f3bd24aefdc924b1d80e8f12f,NewSale
0x41876998f143DA89E6eA30706E1eC413513c5AA8,82460,0xbc2d6E7c81E7f35473b3594031FCC4c519fD24Ad,1,0x9afaa1e6ae5188ee8e8e1c281b4c1f53c51529cd,1,249900000000000,63083779,135778,5016903,1743168557,0x2ea605f70608e6860070ac1269869e08f080881ac8c8bfb9362bde1753f72000,NewSale
0x6050569EA1F0ddcE8f99e12b44F1aa2E1d97870c,82471,0xbc2d6E7c81E7f35473b3594031FCC4c519fD24Ad,0,0x52f103a5e646bde193089a6667c014b9cd7265fc,1,240000000000000,63120000,140566,5016906,1743168563,0x6126ffc795bde90400aafa3aae8cc342251f3c2573c6f628204362ac4c3d1a81,NewSale
0xDC045DEeD55E31fd4384Dd8267fDB6E17a7d5a2D,81451,0xbc2d6E7c81E7f35473b3594031FCC4c519fD24Ad,0,0x69c53cd04c37bd4e818dc090dabea00bd15eb295,1,270000000000000,63249990,140578,5016917,1743168585,0xd3c94b44e917f8640fff0de46a269555ba6c9d8540c14104465e069e8cecf417,NewSale
0xE7FD1b5cF24310B5E40CcC0943d1A08326c47098,82445,0xbc2d6E7c81E7f35473b3594031FCC4c519fD24Ad,1,0x38679ff9876f0edccab281e2c49c74a68afd84b8,1,249900000000000,63218414,135778,5016920,1743168591,0x7a968635ae62c20ec87131bfa50b01f5183d463f2a17f6129768553bc61c77dc,NewSale
0xB8e2A6Dff8313aB090ADd95d02f31F371e64F62a,81449,0xbc2d6E7c81E7f35473b3594031FCC4c519fD24Ad,0,0x9afaa1e6ae5188ee8e8e1c281b4c1f53c51529cd,1,270000000000000,63282505,140578,5016924,1743168599,0xafd36c27497f93e60fbe3128b35eba7c30c853adc3a06746583740ed0a3baf0c,NewSale
0xC0DEc165A5d6e6766Fbc35c977f89535899D0411,77661,0xbc2d6E7c81E7f35473b3594031FCC4c519fD24Ad,0,0x962bf703902d843cb8dc4dff3160b73d84c12457,1,249999970000000,63164522,142201,5016935,1743168621,0x3834ffd9dd09fc7992287a7e78072e4bb342cb38a423d30a8e89106ace00de21,NewSale
0xA327766ea3513d9C9D60DE185Cf2C0fB3bCCAd25,82491,0xbc2d6E7c81E7f35473b3594031FCC4c519fD24Ad,0,0xbf5ab8592addd237d35dddd3660ced9235219774,1,100000000000000000,63370000,153843,5016937,1743168625,0xa97007c335c2031a5bc513c3871b5a9e9416dc538d8f6caeb9405c91f076443a,NewSale
0x3cfEc4628548188494fF87731791e4C4f3c3FA7f,81457,0xbc2d6E7c81E7f35473b3594031FCC4c519fD24Ad,0,0x5ac265f29301bde2a1225e7bec7c8da181b8cadb,1,270000000000000,63205826,140578,5016937,1743168625,0xfdb9e471950c51f771bc2ff85476f0ae323713f8d83ac91489680127190686a6,NewSale
0x27530d20E1E89D61fdc8489C2f075bEd58350569,82486,0xbc2d6E7c81E7f35473b3594031FCC4c519fD24Ad,0,0x16c8ba81dd188e144dced03606a8e2c26a569ee6,1,230000000000000,64167023,140578,5016939,1743168629,0x8d37a4c0586c682539bf98d5dbc451aaf4849c7dbf48c5ed889aae075dde4b1d,NewSale
0x6050569EA1F0ddcE8f99e12b44F1aa2E1d97870c,82476,0xbc2d6E7c81E7f35473b3594031FCC4c519fD24Ad,0,0xcbb0f437c39f7dfef7e43055b6d17b7ce2f07752,1,240000000000000,64167023,140566,5016939,1743168629,0xa248ce66abcbc352ec9dac5600ab6e0b85f7be3a10225d8dd7c03fb419d78483,NewSale
0xDC045DEeD55E31fd4384Dd8267fDB6E17a7d5a2D,81436,0xbc2d6E7c81E7f35473b3594031FCC4c519fD24Ad,0,0x69c53cd04c37bd4e818dc090dabea00bd15eb295,1,270000000000000,64167023,140578,5016939,1743168629,0x22b386b2b4912a9c2120365c1a82c9a709990f758d0413e8137c1d39c7bbdcc1,NewSale
0xC49eFb2C46a50B38eFe41e359d012fd3C830ea8e,81146,0xbc2d6E7c81E7f35473b3594031FCC4c519fD24Ad,0,0x38679ff9876f0edccab281e2c49c74a68afd84b8,1,260000000000000,64218015,140578,5016941,1743168633,0x4dc269808d70e7988a398889620dff3ae3061b27696d179cdd5d3d83ec5ff7fb,NewSale
0xCB1185CB6Efba420Acc9E30149Ad971860195c9E,81450,0xbc2d6E7c81E7f35473b3594031FCC4c519fD24Ad,0,0x9afaa1e6ae5188ee8e8e1c281b4c1f53c51529cd,1,270000000000000,64250870,140578,5016946,1743168643,0xf96d2410f1d42b1ffecb683426ee8c2e2367d0e7cf309f09eff1c616bb97c572,NewSale
0x6050569EA1F0ddcE8f99e12b44F1aa2E1d97870c,82481,0xbc2d6E7c81E7f35473b3594031FCC4c519fD24Ad,0,0x52f103a5e646bde193089a6667c014b9cd7265fc,1,240000000000000,64290000,140566,5016955,1743168661,0x458e085ea9bd01aae9d312fe99f9dcbc85e1b6522ed67bb527df11e2b49303f5,NewSale
0x6050569EA1F0ddcE8f99e12b44F1aa2E1d97870c,82490,0xbc2d6E7c81E7f35473b3594031FCC4c519fD24Ad,0,0x38679ff9876f0edccab281e2c49c74a68afd84b8,1,240000000000000,64141522,140566,5016961,1743168673,0x93558912194c8e9a446eaa7eebd71504706807808db74ba6602140e7116b8a21,NewSale
0xC0DEc165A5d6e6766Fbc35c977f89535899D0411,74786,0xbc2d6E7c81E7f35473b3594031FCC4c519fD24Ad,0,0x69c53cd04c37bd4e818dc090dabea00bd15eb295,1,265000000000000,64335855,142189,5016962,1743168675,0x419eaa60ca77763d390403cacd42e4a5b4b3b665eacf0ac8c34d724c6b8131c3,NewSale
0xC0DEc165A5d6e6766Fbc35c977f89535899D0411,77662,0xbc2d6E7c81E7f35473b3594031FCC4c519fD24Ad,0,0x962bf703902d843cb8dc4dff3160b73d84c12457,1,249999960000000,63432586,142189,5016964,1743168679,0xf5da3f6e5f9ad48160a016b0019f04506cf6fdbe7c48ebe9cdfb2ab2297bd138,NewSale
0xCB1185CB6Efba420Acc9E30149Ad971860195c9E,81459,0xbc2d6E7c81E7f35473b3594031FCC4c519fD24Ad,0,0x9afaa1e6ae5188ee8e8e1c281b4c1f53c51529cd,1,270000000000000,64473665,140578,5016966,1743168683,0xcfb76f66dba020d465c8b856b938713607e217f00e99e9fa32527aae4314f721,NewSale
0xB8e2A6Dff8313aB090ADd95d02f31F371e64F62a,81433,0xbc2d6E7c81E7f35473b3594031FCC4c519fD24Ad,0,0x5ac265f29301bde2a1225e7bec7c8da181b8cadb,1,270000000000000,63568520,135778,5016971,1743168693,0xd346b8c3e75d66adf7d9c626d159bc361a20d70c35c52bdcb083b4715aa31b73,NewSale
0x6050569EA1F0ddcE8f99e12b44F1aa2E1d97870c,82488,0xbc2d6E7c81E7f35473b3594031FCC4c519fD24Ad,1,0x36db492fe753e5d11686712f005d9c0eb524fa5d,1,240000000000000,100000000,157654,5016977,1743168705,0xebb64b7c3c86f9753547905d73ff45d3427c69f3f6d21902d17aeffd6a3e157f,NewSale
0x706d33e1324F20262CCD2BCe696E3336D4E8E9fb,82473,0xbc2d6E7c81E7f35473b3594031FCC4c519fD24Ad,1,0x572e1da42d09fc1a110ea13411bea400b05a8e6e,1,249900000000000,64598940,152866,5016979,1743168709,0x9b6773d68a23ac88c0de0c3c99c5fcc2501d7185b17266cd3553c4e0b6c75467,NewSale
0xbf5Ab8592addD237D35dDdd3660Ced9235219774,82496,0xbc2d6E7c81E7f35473b3594031FCC4c519fD24Ad,0,0xa327766ea3513d9c9d60de185cf2c0fb3bccad25,1,100000000000000000,64740000,180543,5016991,1743168733,0x5b23c2e381e9ae7b26d8847ce02ca83d65978c8cf43e120c6c0c30b4799a4968,NewSale
0xC0DEc165A5d6e6766Fbc35c977f89535899D0411,74786,0xbc2d6E7c81E7f35473b3594031FCC4c519fD24Ad,0,0x5ac265f29301bde2a1225e7bec7c8da181b8cadb,1,265000000000000,63608695,142189,5016991,1743168733,0x8312a2aa238b656056a0212ca443ded8a615dad66918da0cad1f21f4afcbd371,NewSale
0xC0DEc165A5d6e6766Fbc35c977f89535899D0411,77661,0xbc2d6E7c81E7f35473b3594031FCC4c519fD24Ad,0,0x22df8f85ad9850151582f89e37237bf0517f87dd,1,249999970000000,64730000,142201,5016999,1743168749,0x00ccf3b74f1a142516511a43177b4b999485e3b2fb4a6395e0414945d1a16b3c,NewSale
0xe8C85D93a87Ee4D6546ad794A184a74E6f03A451,81145,0xbc2d6E7c81E7f35473b3594031FCC4c519fD24Ad,0,0x9afaa1e6ae5188ee8e8e1c281b4c1f53c51529cd,1,260000000000000,64195574,140578,5017002,1743168755,0x8fcc0c72759496696efbb588574a0f1879d02e41b69184e31b5fdf02450ba597,NewSale
0xC0DEc165A5d6e6766Fbc35c977f89535899D0411,77659,0xbc2d6E7c81E7f35473b3594031FCC4c519fD24Ad,0,0x38679ff9876f0edccab281e2c49c74a68afd84b8,1,249999980000000,64252126,142177,5017003,1743168757,0xd8e16375e75b26eb3ab2701426dbb0bd318c364ad1273300e247d1d79aa4eaeb,NewSale
0xeF0Ef28b882d166B732d00A01Ea762B9CCd3FE44,82426,0xbc2d6E7c81E7f35473b3594031FCC4c519fD24Ad,1,0xd0595775bce8563ffe6b31d414ed32372e569b93,1,245000000000000,100000000,159289,5017007,1743168765,0x0e5888a94fc4a1d2ee7a8c8878587e878ce695affcfa7bdf4888e133ac9aeb4d,NewSale
0xC0DEc165A5d6e6766Fbc35c977f89535899D0411,77663,0xbc2d6E7c81E7f35473b3594031FCC4c519fD24Ad,0,0x5ac265f29301bde2a1225e7bec7c8da181b8cadb,1,249999950000000,63287136,142201,5017008,1743168767,0xb2dd2a8677c59952b2dbe51b504d02958b66ea920e9c28d1d0e3e685d3f8581c,NewSale
0xbf5Ab8592addD237D35dDdd3660Ced9235219774,82503,0xbc2d6E7c81E7f35473b3594031FCC4c519fD24Ad,0,0xa327766ea3513d9c9d60de185cf2c0fb3bccad25,1,100000000000000000,64190000,163443,5017021,1743168793,0xed262ecdd7a851f0b6ba64961a39e089144d42f9585e43c167fd791d91ae2b48,NewSale
0x6050569EA1F0ddcE8f99e12b44F1aa2E1d97870c,82494,0xbc2d6E7c81E7f35473b3594031FCC4c519fD24Ad,0,0x5ac265f29301bde2a1225e7bec7c8da181b8cadb,1,240000000000000,63899447,135766,5017022,1743168795,0x770f865d0ccd5da243f10ba552a6b3b1056f14ebd34bd14e15324ec0fc2f5b0f,NewSale
0x52f103a5e646BDe193089a6667C014B9CD7265FC,82499,0xbc2d6E7c81E7f35473b3594031FCC4c519fD24Ad,0,0xee390b600a2fae08529d61c3d76344d4bb81607e,1,230000000000000,100000000,140578,5017026,1743168803,0xbcb0943874af8b658b6bf3c0c1b8446a9a28de95cbacaa7ad335516f9d2b9f14,NewSale
0xC0DEc165A5d6e6766Fbc35c977f89535899D0411,74893,0xbc2d6E7c81E7f35473b3594031FCC4c519fD24Ad,0,0x22df8f85ad9850151582f89e37237bf0517f87dd,1,249999990000000,64300000,142201,5017027,1743168805,0x7f03f8b3b21345e1c81434d428b0b806b1be92e6274970780533b8d5a84679d7,NewSale
0x52f103a5e646BDe193089a6667C014B9CD7265FC,82504,0xbc2d6E7c81E7f35473b3594031FCC4c519fD24Ad,0,0x8a257b0421ba0080a85d6f531c197d44345c0661,1,200000000000000,64765966,140566,5017040,1743168831,0x61bff4225218968642f2b0eddbda0eacd5b2e7236993c41f3df084c28b21e9fa,NewSale
0xC0DEc165A5d6e6766Fbc35c977f89535899D0411,74893,0xbc2d6E7c81E7f35473b3594031FCC4c519fD24Ad,0,0x22df8f85ad9850151582f89e37237bf0517f87dd,1,249999990000000,64630000,142201,5017043,1743168837,0xcb7942c76a706ab9e79b098b2a9dc463794a50189fd287c4da8415ea33d2b099,NewSale
0xbf5Ab8592addD237D35dDdd3660Ced9235219774,82506,0xbc2d6E7c81E7f35473b3594031FCC4c519fD24Ad,0,0xa327766ea3513d9c9d60de185cf2c0fb3bccad25,1,100000000000000000,64760000,163443,5017046,1743168843,0x176648fe7a87d4927c0b9a4b10f6e2511389b0214be48f1e596f31fa7e76cc4e,NewSale
0xDC045DEeD55E31fd4384Dd8267fDB6E17a7d5a2D,81460,0xbc2d6E7c81E7f35473b3594031FCC4c519fD24Ad,0,0x9afaa1e6ae5188ee8e8e1c281b4c1f53c51529cd,1,270000000000000,65399649,135778,5017056,1743168863,0x16dc454a24eb19b75e2e59959e552240cca60dfab5950772791d909a0b662560,NewSale
0x52f103a5e646BDe193089a6667C014B9CD7265FC,82502,0xbc2d6E7c81E7f35473b3594031FCC4c519fD24Ad,0,0x22df8f85ad9850151582f89e37237bf0517f87dd,1,220000000000000,65330000,140578,5017057,1743168865,0xfc289885b1fa8c525114e807fb3d99a6caab325a858bf83c0e36aa82db21d388,NewSale
0xC0DEc165A5d6e6766Fbc35c977f89535899D0411,74893,0xbc2d6E7c81E7f35473b3594031FCC4c519fD24Ad,0,0x38679ff9876f0edccab281e2c49c74a68afd84b8,1,249999990000000,65370346,142201,5017058,1743168867,0xa8dbc32bbbeb3e7a7f874870fa6542456555b43cc35b88c47d169963c78c4a2b,NewSale
0x6050569EA1F0ddcE8f99e12b44F1aa2E1d97870c,82495,0xbc2d6E7c81E7f35473b3594031FCC4c519fD24Ad,1,0xc009d0ec41fbea88bd722bdeb04159a24fe8f591,1,240000000000000,63995818,157666,5017068,1743168887,0xcef5ff4321e7689bd4d3a1fbf00c7a0d6542234962c86be80b9e1c8aa1da1e5a,NewSale
0xbf5Ab8592addD237D35dDdd3660Ced9235219774,82509,0xbc2d6E7c81E7f35473b3594031FCC4c519fD24Ad,0,0xa327766ea3513d9c9d60de185cf2c0fb3bccad25,1,100000000000000000,65130000,163443,5017072,1743168895,0x9faf9c182bf9817540094aec13ae182cb8aee1678c09890d0e3917c7fb08e1c0,NewSale
0x52f103a5e646BDe193089a6667C014B9CD7265FC,82508,0xbc2d6E7c81E7f35473b3594031FCC4c519fD24Ad,0,0x9afaa1e6ae5188ee8e8e1c281b4c1f53c51529cd,1,220000000000000,65024332,140578,5017077,1743168905,0xffcb02412d4ad0bf827b3b9046e60b843850c2d4217020dc76c29d07d33a09b3,NewSale
0x52f103a5e646BDe193089a6667C014B9CD7265FC,82505,0xbc2d6E7c81E7f35473b3594031FCC4c519fD24Ad,0,0x38679ff9876f0edccab281e2c49c74a68afd84b8,1,220000000000000,64975941,140578,5017078,1743168907,0x82e720070765dc316c0ca1343a9c03e3caaf39d374a3beb69de694ea92ad0719,NewSale
0xD337146576ba4ae1E1322E8f5452c4BEf03dF8c6,82498,0xbc2d6E7c81E7f35473b3594031FCC4c519fD24Ad,1,0x9309831967595a4bd20d2e97caf126a0612a3e62,1,230000000000000,65062217,157678,5017080,1743168911,0x3e23e9b03d8148e675dc6a22f6ab48346d8fefd4d2b967c2e51fdbe59939d7ba,NewSale
0xC0DEc165A5d6e6766Fbc35c977f89535899D0411,77663,0xbc2d6E7c81E7f35473b3594031FCC4c519fD24Ad,0,0x22df8f85ad9850151582f89e37237bf0517f87dd,1,249999950000000,65140000,142201,5017087,1743168925,0x16cd00da1986c98fbc328f27daaa7e88b2e4c94d5825d393ddac95483da06838,NewSale
0xC0DEc165A5d6e6766Fbc35c977f89535899D0411,77662,0xbc2d6E7c81E7f35473b3594031FCC4c519fD24Ad,0,0x5ac265f29301bde2a1225e7bec7c8da181b8cadb,1,249999960000000,64060990,142189,5017089,1743168929,0x776209d42d9ac112469437bd04c7ed0441d9299e229635414dd8659856be7f96,NewSale
0xC0DEc165A5d6e6766Fbc35c977f89535899D0411,77662,0xbc2d6E7c81E7f35473b3594031FCC4c519fD24Ad,0,0x38679ff9876f0edccab281e2c49c74a68afd84b8,1,249999960000000,64878932,142189,5017096,1743168943,0x97886ee92557cac42a48019224e92bb3cb0878be164b491b7669ff38e378bb47,NewSale
0xd67B3e0150f96beCBD1f7DA4E5e0A2d5EcF4792b,82501,0xbc2d6E7c81E7f35473b3594031FCC4c519fD24Ad,1,0x9afaa1e6ae5188ee8e8e1c281b4c1f53c51529cd,1,249000000000000,64878932,135778,5017096,1743168943,0x5d0f7c674a28100e883b7c12670d32f087eeb96faba0a2ceffb03dd145f67fc5,NewSale
0xF617941B57CF8AD939A97093D305c49e22E3eCB9,82484,0xbc2d6E7c81E7f35473b3594031FCC4c519fD24Ad,1,0x5ac265f29301bde2a1225e7bec7c8da181b8cadb,1,249900000000000,64227129,152878,5017101,1743168953,0x35e87b1b91666b095dd54a5af19240614971081aa5bebe33b8d1a862533b5bcf,NewSale
0xbf5Ab8592addD237D35dDdd3660Ced9235219774,82513,0xbc2d6E7c81E7f35473b3594031FCC4c519fD24Ad,0,0xa327766ea3513d9c9d60de185cf2c0fb3bccad25,1,1000000000000000000,64750000,158643,5017102,1743168955,0x24662aa686c0c12d391ce3a5866017904a8570a60a672361944a5e862ddcfbfb,NewSale
0xa328378Ef029074b25020F1fF23a8585D11227D9,82466,0xbc2d6E7c81E7f35473b3594031FCC4c519fD24Ad,1,0x5ac265f29301bde2a1225e7bec7c8da181b8cadb,1,249900000000000,64235812,135778,5017113,1743168977,0x61d3c761240f9645afad157f3386ae05008cb7710661b4974eb2bf9e648133c7,NewSale
0xC0DEc165A5d6e6766Fbc35c977f89535899D0411,74893,0xbc2d6E7c81E7f35473b3594031FCC4c519fD24Ad,0,0x9afaa1e6ae5188ee8e8e1c281b4c1f53c51529cd,1,249999990000000,65149351,142201,5017117,1743168985,0x3a94c185c45e2d59a01afd418e0a714539b042b1d72407d5cb41203d37be918e,NewSale
0xeF0Ef28b882d166B732d00A01Ea762B9CCd3FE44,82426,0xbc2d6E7c81E7f35473b3594031FCC4c519fD24Ad,1,0x16c8ba81dd188e144dced03606a8e2c26a569ee6,1,245000000000000,65290871,157678,5017120,1743168991,0x6fb8ae4d880a8a33bcd5595340c8864a01c010ea0789fd6c5c29ba2523f3ef90,NewSale
0x3cfEc4628548188494fF87731791e4C4f3c3FA7f,81463,0xbc2d6E7c81E7f35473b3594031FCC4c519fD24Ad,0,0x5ac265f29301bde2a1225e7bec7c8da181b8cadb,1,270000000000000,64200523,135778,5017128,1743169007,0x0db672b3219ceb4a1c0938c8c2da59536e2e4ef9d5bf08b08163e78bde758bb6,NewSale
0xC0DEc165A5d6e6766Fbc35c977f89535899D0411,77663,0xbc2d6E7c81E7f35473b3594031FCC4c519fD24Ad,0,0x69c53cd04c37bd4e818dc090dabea00bd15eb295,1,249999950000000,65118502,142201,5017132,1743169015,0x53634352debb3046fef2574216f529a6c92a81409dd186158ea576f271ea2218,NewSale
0xbf5Ab8592addD237D35dDdd3660Ced9235219774,82514,0xbc2d6E7c81E7f35473b3594031FCC4c519fD24Ad,1,0xa327766ea3513d9c9d60de185cf2c0fb3bccad25,1,100000000000000000,64990000,175743,5017136,1743169023,0x96b0e1544900a5eb62b1a688084f9c1b5c8aeeb6d17e29d730b378f37fa1683a,NewSale
0x541B791bF18f83550D9D1B4C41740a4eD7669B70,82493,0xbc2d6E7c81E7f35473b3594031FCC4c519fD24Ad,1,0xc009d0ec41fbea88bd722bdeb04159a24fe8f591,1,249900000000000,64060487,135778,5017138,1743169027,0xda4844e5590085f95a518ab02433089c661bff5938cb2900445f319ae780f471,NewSale
0x8A3F938B28A375f57b9ee8C1613d86141db46A09,82448,0xbc2d6E7c81E7f35473b3594031FCC4c519fD24Ad,0,0x6b36c470f28c224c213da08274cfd7b058a6e7b8,1,10000000000000000000,68000000,163443,5017152,1743169055,0x4d90d1b8dbc44b3cb3abde90694c88fefb2ebaca86ed50914e375b37dd3fb91f,NewSale
0xaC4fD11C43A641E245a75Bf8F08Cf6005d5Fb5Da,82485,0xbc2d6E7c81E7f35473b3594031FCC4c519fD24Ad,1,0x69c53cd04c37bd4e818dc090dabea00bd15eb295,1,249000000000000,65476878,152878,5017153,1743169057,0x8032e2ba702842989122da0a62aefdac6c10ad6c60f0542c03b17587049d36f5,NewSale
0xdc23AB2eC3B6446278E614F8347948c50f20217e,81509,0xbc2d6E7c81E7f35473b3594031FCC4c519fD24Ad,0,0x69c53cd04c37bd4e818dc090dabea00bd15eb295,1,270000000000000,65463236,140578,5017173,1743169097,0x8a2e770d185fba7bee177f473b12734c05467bbcb67af0b5100538ce8510ecde,NewSale
0x8A3F938B28A375f57b9ee8C1613d86141db46A09,82454,0xbc2d6E7c81E7f35473b3594031FCC4c519fD24Ad,0,0x6b36c470f28c224c213da08274cfd7b058a6e7b8,1,15000000000000000000,68000000,163443,5017181,1743169113,0x9d7faa463cebe487ba745d064bff5903b8d55f443708f891105d86bd25831177,NewSale
0xD522cEa188322971A6a67340823B9ffcB6E9B34A,81503,0xbc2d6E7c81E7f35473b3594031FCC4c519fD24Ad,1,0x69c53cd04c37bd4e818dc090dabea00bd15eb295,1,270000000000000,66208676,140578,5017192,1743169135,0x8d27834acd41374766f11890731722aed5c920140a75b290c7836915edf60f8d,NewSale
0xA327766ea3513d9C9D60DE185Cf2C0fB3bCCAd25,82526,0xbc2d6E7c81E7f35473b3594031FCC4c519fD24Ad,0,0x6b36c470f28c224c213da08274cfd7b058a6e7b8,1,100000000000000000,68000000,163443,5017199,1743169149,0x3d9c45e1bd9b6e9384a48e6d0a4ee4d815672f39ef1b7c1ca9f51038f603427c,NewSale
0x88b7e194641260b63C9e2CA4AdAf48982Af48C83,82516,0xbc2d6E7c81E7f35473b3594031FCC4c519fD24Ad,1,0x69c53cd04c37bd4e818dc090dabea00bd15eb295,1,230000000000000,66563414,140578,5017211,1743169173,0xe9d348b62aa6934351a1031cf32d6bd3901d4da57589a7f433ca7203fca90a09,NewSale
0x64248E458070A03018086fF4C1C413673f9A1DD7,82515,0xbc2d6E7c81E7f35473b3594031FCC4c519fD24Ad,1,0xc009d0ec41fbea88bd722bdeb04159a24fe8f591,1,249900000000000,65605992,135778,5017212,1743169175,0xffdb5b3febecb4d4969ac0403eb06ace75aee601c0b87cfc207fcf0be22e8f84,NewSale
0xE4f4BaEd82d30f2244fE1722aeda37dEF4B38Ddc,82256,0x02e21A25F0038fa5BDEe9c0b77aC0c1E84d3d6f0,2319,0xf35c6d9c15e634866d245da640609b03a81ee830,1,350000000000000,66456090,155258,5017214,1743169179,0xafd87b409db4b71f16b211f55a873d51dbea957598c7f5093483ddbc09c0ce47,NewSale
0x8A3F938B28A375f57b9ee8C1613d86141db46A09,82458,0xbc2d6E7c81E7f35473b3594031FCC4c519fD24Ad,0,0x6b36c470f28c224c213da08274cfd7b058a6e7b8,1,18000000000000000000,68000000,163443,5017230,1743169211,0x113bd07d02106f4edd34732ecb9acc67acd14d8780a07cf789dee816c01b1ca2,NewSale
0xA327766ea3513d9C9D60DE185Cf2C0fB3bCCAd25,82529,0xbc2d6E7c81E7f35473b3594031FCC4c519fD24Ad,0,0xbf5ab8592addd237d35dddd3660ced9235219774,1,100000000000000000,66490000,180543,5017232,1743169215,0xfa1e33378a5cd6400db133e2c8120610bbda933da05e9452fa97ec276972b12b,NewSale
0x8A3F938B28A375f57b9ee8C1613d86141db46A09,82489,0xbc2d6E7c81E7f35473b3594031FCC4c519fD24Ad,0,0x6b36c470f28c224c213da08274cfd7b058a6e7b8,1,10000000000000000000,68000000,163443,5017246,1743169243,0x44e4c7db8d31db7e7b493a7d0617ef6a068d30fa7f21d792e7add71b3e16a660,NewSale
0xD337146576ba4ae1E1322E8f5452c4BEf03dF8c6,82512,0xbc2d6E7c81E7f35473b3594031FCC4c519fD24Ad,0,0xc009d0ec41fbea88bd722bdeb04159a24fe8f591,1,230000000000000,66056310,140578,5017250,1743169251,0xd02ac243f5655d1a11364c2889e1df26d63a297bf7d95890a9b1e2b20ead42b0,NewSale
0xE4f4BaEd82d30f2244fE1722aeda37dEF4B38Ddc,82261,0x02e21A25F0038fa5BDEe9c0b77aC0c1E84d3d6f0,2316,0xf35c6d9c15e634866d245da640609b03a81ee830,1,350000000000000,67044579,138158,5017251,1743169253,0xc1b2ae7970aae0b4fe0c59b45a16aef41bece99867da99656c3068f29d40ed39,NewSale
0xd493AeB502fb60440911826d8d401d85AA4bb110,82528,0xbc2d6E7c81E7f35473b3594031FCC4c519fD24Ad,0,0x6b36c470f28c224c213da08274cfd7b058a6e7b8,1,18000000000000000000,68000000,163443,5017263,1743169277,0x0368c0860e8341bff333623fdb1bc64b119dd34766370d68ac6f94a6d49ccedc,NewSale
0xA327766ea3513d9C9D60DE185Cf2C0fB3bCCAd25,82531,0xbc2d6E7c81E7f35473b3594031FCC4c519fD24Ad,0,0xbf5ab8592addd237d35dddd3660ced9235219774,1,100000000000000000,66860000,163443,5017266,1743169283,0x5ccb34707f0a8d4980b20d3b62be90c3d25a2e0d21d8613ddce07aa43b98bf73,NewSale
0x8A3F938B28A375f57b9ee8C1613d86141db46A09,82483,0xbc2d6E7c81E7f35473b3594031FCC4c519fD24Ad,0,0x6b36c470f28c224c213da08274cfd7b058a6e7b8,1,19000000000000000000,68000000,158655,5017279,1743169309,0xa3f2049719701f9c85c6270e90b6ce9c23673062ed55217f73fa9a1a214719a6,NewSale
0x5a9aEb34185CFf54dd261dA245eEb51B2B748c08,82500,0x7e5F161dd824d98AC3474eBf550716d0cb83E8C6,1,0xa6560afbf3c42c841fc3cfb889d270cd2e7f54e8,1,500000000000000,68070000,162483,5017288,1743169327,0x0f336c955dfd24f6f77d9890bc6c9150e3350e14ec190e08ceff982264efea58,NewSale
0xc3240eC4aa7362AC7b81eD45F3f7A084D4C4d551,71657,0x897d1cBBeDC44c8371672e8cA72555b5194D6D86,0,0x26ca32b540bdb8080a514f82705c9e9ab53a5207,1,1500000000000000,68305611,162499,5017289,1743169329,0x7df0504eb647a0a7f36903cfb126e067dbbd7356c22f421da7faf3de60034fd8,NewSale
0x52f103a5e646BDe193089a6667C014B9CD7265FC,82511,0xbc2d6E7c81E7f35473b3594031FCC4c519fD24Ad,0,0x962bf703902d843cb8dc4dff3160b73d84c12457,1,220000000000000,67232248,135778,5017290,1743169331,0xcdc551c3e7e972c198626ad1f8e32f1c9153a8689905ece3b57ffe6508c1886a,NewSale
0xd493AeB502fb60440911826d8d401d85AA4bb110,82519,0xbc2d6E7c81E7f35473b3594031FCC4c519fD24Ad,0,0x6b36c470f28c224c213da08274cfd7b058a6e7b8,1,18000000000000000000,68000000,163443,5017296,1743169343,0xf0309b50e37e39ac9856c1b75a4c650cc073fa17d7dcf63bdac0d4f4aaf0ed8a,NewSale
0xA327766ea3513d9C9D60DE185Cf2C0fB3bCCAd25,82536,0xbc2d6E7c81E7f35473b3594031FCC4c519fD24Ad,0,0xbf5ab8592addd237d35dddd3660ced9235219774,1,100000000000000000,68850000,163443,5017302,1743169355,0x7eed9086191c6b2607ee494fa2a15356c002a489f99bc4f8231227b136b484cd,NewSale
0x948538E9AF31321b94b845E3f597Dd790927EDb8,82507,0xbc2d6E7c81E7f35473b3594031FCC4c519fD24Ad,1,0xa6560afbf3c42c841fc3cfb889d270cd2e7f54e8,1,249000000000000,69160000,152878,5017308,1743169367,0x3ef039fad09c55f4c11319ef03eb807f0cdbb98adf016de07732b7677e7d22fd,NewSale
0xC0DEc165A5d6e6766Fbc35c977f89535899D0411,74777,0xbc2d6E7c81E7f35473b3594031FCC4c519fD24Ad,0,0x962bf703902d843cb8dc4dff3160b73d84c12457,1,259999990000000,68753691,142201,5017310,1743169371,0xd5ab1bcbae6122af3bd94d0bcdfe21cd16fbdbbf04239fb21d2652f37f0983cc,NewSale
0xA327766ea3513d9C9D60DE185Cf2C0fB3bCCAd25,82541,0xbc2d6E7c81E7f35473b3594031FCC4c519fD24Ad,0,0xbf5ab8592addd237d35dddd3660ced9235219774,1,100000000000000000,69690000,158643,5017330,1743169411,0xc37b15202698a33022a067c7005b76aff4526f09498d5d83e9af37a94f948c42,NewSale
0x85B8521efBc8aaA73e1a125e644a89cCd805eeE9,82492,0xbc2d6E7c81E7f35473b3594031FCC4c519fD24Ad,1,0x0fc7a0b39e563839842bb1dc854a8eab9c4c1eca,1,249000000000000,69790000,135778,5017340,1743169431,0x63c844c71a19c6b9872e609ac39b62c398ec8328487dbf8aebccb8feea739c00,NewSale
0xC0DEc165A5d6e6766Fbc35c977f89535899D0411,77662,0xbc2d6E7c81E7f35473b3594031FCC4c519fD24Ad,0,0xc009d0ec41fbea88bd722bdeb04159a24fe8f591,1,249999960000000,68941893,142189,5017342,1743169435,0x4bcc82d9a9e0be2dc480cee26ea6c71e7e9a26521be79bf8311c90b69f7db854,NewSale
0xC0DEc165A5d6e6766Fbc35c977f89535899D0411,77659,0xbc2d6E7c81E7f35473b3594031FCC4c519fD24Ad,0,0x962bf703902d843cb8dc4dff3160b73d84c12457,1,249999980000000,68718165,142177,5017363,1743169477,0xa429fd62730abe779faf7f479bfffb3f61c3cfb024cdc73fede9a6f7f6e579bc,NewSale
0x29f7812E57c8FD7BB50851f7D64A4937EA36a69C,81518,0xbc2d6E7c81E7f35473b3594031FCC4c519fD24Ad,1,0xf35c6d9c15e634866d245da640609b03a81ee830,1,270000000000000,69804056,157678,5017365,1743169481,0x948534fb839d108ddda28d8c562adae10211e292107d9cf934734979f330052b,NewSale
0xA327766ea3513d9C9D60DE185Cf2C0fB3bCCAd25,82544,0xbc2d6E7c81E7f35473b3594031FCC4c519fD24Ad,1,0xbf5ab8592addd237d35dddd3660ced9235219774,1,100000000000000000,69620000,175743,5017366,1743169483,0x653b949f9934003f2a606ac02b3b30d01b9868e5b4480d0ac35ccb08a2ddd87e,NewSale
0x88b7e194641260b63C9e2CA4AdAf48982Af48C83,82522,0xbc2d6E7c81E7f35473b3594031FCC4c519fD24Ad,1,0xcf0f78b3182ba19960e70a6f69e5bfcdd20f19c3,1,230000000000000,68850541,157678,5017379,1743169509,0x641d86b3729f6052acb73eba32e0a96cb52695a8bba24d92aef2575e2e4cd4d3,NewSale
0xe8C85D93a87Ee4D6546ad794A184a74E6f03A451,81141,0xbc2d6E7c81E7f35473b3594031FCC4c519fD24Ad,0,0x962bf703902d843cb8dc4dff3160b73d84c12457,1,260000000000000,68689955,135778,5017383,1743169517,0x193a2269b0f764ce23e365f1d201e7f63837415cc2b49169037c3234d91de60d,NewSale
0x3DA288D10642eB20B9eC75DF6C151c768eA6FE8d,82497,0xbc2d6E7c81E7f35473b3594031FCC4c519fD24Ad,1,0xc009d0ec41fbea88bd722bdeb04159a24fe8f591,1,249900000000000,68689955,135778,5017383,1743169517,0x165b6e81e7c4fb1cd6d6e54d6e9f8ab078c062a55334854ef0d7dab40fd5518e,NewSale
0xbA82C2f4d2F246b92d7b03f8896529598EEF1D5E,82455,0x2Bf46D4497e98FbA2304B0d2453922FFf559Ea02,63,0x26ca32b540bdb8080a514f82705c9e9ab53a5207,1,580000000000000,69608729,162483,5017385,1743169521,0x879de8af7bf943828326472d67f7fcf81d47ff7b37948f05ffd51fac99af7198,NewSale
0x6050569EA1F0ddcE8f99e12b44F1aa2E1d97870c,82547,0xbc2d6E7c81E7f35473b3594031FCC4c519fD24Ad,1,0xcf0f78b3182ba19960e70a6f69e5bfcdd20f19c3,1,240000000000000,68706580,140566,5017392,1743169535,0x4f675b2c228f75d382ca524d3f586a7a440b938e0252725297f0f641d8287f22,NewSale
0xC0DEc165A5d6e6766Fbc35c977f89535899D0411,77663,0xbc2d6E7c81E7f35473b3594031FCC4c519fD24Ad,0,0x03f03bc18cceb0577082d25af33cdb8b81d918f2,1,249999950000000,69651474,159301,5017396,1743169543,0x844e786b76d10ebc2db627ac4319c8db95099e68ef4a2de6a78cb8d183415b7a,NewSale
0x5741026723063979962069ABe1ef744bA523B021,82542,0xbc2d6E7c81E7f35473b3594031FCC4c519fD24Ad,1,0xf35c6d9c15e634866d245da640609b03a81ee830,1,249000000000000,69543554,135778,5017405,1743169561,0x22607935fa29b1f31e1e550ca42453b6d31670a2071b4ed6fcd7ae0ccd4eb51a,NewSale
0xC0DEc165A5d6e6766Fbc35c977f89535899D0411,77663,0xbc2d6E7c81E7f35473b3594031FCC4c519fD24Ad,0,0xcbb0f437c39f7dfef7e43055b6d17b7ce2f07752,1,249999950000000,69497830,142201,5017409,1743169569,0xdfdfd03fb121f3ef8406d4e44a86e17387a1184d824675de558e75353032d00e,NewSale
0x0D7528f741CC90f3AC7D0E534C6613A296c800c7,82545,0xbc2d6E7c81E7f35473b3594031FCC4c519fD24Ad,1,0xcf0f78b3182ba19960e70a6f69e5bfcdd20f19c3,1,249000000000000,68887060,135778,5017415,1743169581,0x1960a656965b19790321571488e2b7913265f1b93e3f27d52fae5a0922b288c1,NewSale
0xC0DEc165A5d6e6766Fbc35c977f89535899D0411,77663,0xbc2d6E7c81E7f35473b3594031FCC4c519fD24Ad,0,0x51f6749dee3510f983c15b7c239cc6df4e4054ea,1,249999950000000,69780000,159301,5017423,1743169597,0xb1f6340b71c3f38946bfbe9a363120fb8934a386940dc6a7c8b59b3333862aea,NewSale
0xF6291ddE4dC399BE2276c0d21eC03266B22F2CBE,81508,0xbc2d6E7c81E7f35473b3594031FCC4c519fD24Ad,0,0xf35c6d9c15e634866d245da640609b03a81ee830,1,270000000000000,70080763,157678,5017427,1743169605,0xb251816e778be5f9689931773547ce87c5f17be421f38b996822847e8d32031a,NewSale
0x6050569EA1F0ddcE8f99e12b44F1aa2E1d97870c,82549,0xbc2d6E7c81E7f35473b3594031FCC4c519fD24Ad,1,0xcf0f78b3182ba19960e70a6f69e5bfcdd20f19c3,1,240000000000000,69080763,140566,5017427,1743169605,0x6623d2ffc123363d2230e6e93538a78a748d083b7c4cfa53b3e105105728eb1d,NewSale
0x962BF703902D843cb8Dc4Dff3160b73D84C12457,82555,0xbc2d6E7c81E7f35473b3594031FCC4c519fD24Ad,0,0xcf0f78b3182ba19960e70a6f69e5bfcdd20f19c3,1,220000000000000,68972005,140578,5017440,1743169631,0xcc19fb64c44c00f48e659d19356a2e93c7afa83a7d1e834a18125a68d876552f,NewSale
0xd493AeB502fb60440911826d8d401d85AA4bb110,82530,0xbc2d6E7c81E7f35473b3594031FCC4c519fD24Ad,0,0xa6560afbf3c42c841fc3cfb889d270cd2e7f54e8,1,18000000000000000000,69910000,163443,5017441,1743169633,0x49d2a3dfa61b081adbc11aa04201564aa84f41bfc60c69f70c24e85878d54b55,NewSale
0xbf5Ab8592addD237D35dDdd3660Ced9235219774,82556,0xbc2d6E7c81E7f35473b3594031FCC4c519fD24Ad,0,0xa327766ea3513d9c9d60de185cf2c0fb3bccad25,1,100000000000000000,69910000,180543,5017443,1743169637,0x3ca1027180f17abf95f9c537860ab8d3a63390856fec66be9b434ecbb603b56b,NewSale
0x962BF703902D843cb8Dc4Dff3160b73D84C12457,82557,0xbc2d6E7c81E7f35473b3594031FCC4c519fD24Ad,0,0xcf0f78b3182ba19960e70a6f69e5bfcdd20f19c3,1,200000000000000,68929474,140578,5017452,1743169655,0xc20f5464f6dcd50b573f99b6b3ebde2bfe28acb57c4a032193287a2e731d993d,NewSale
0xbf5Ab8592addD237D35dDdd3660Ced9235219774,82560,0xbc2d6E7c81E7f35473b3594031FCC4c519fD24Ad,0,0xa327766ea3513d9c9d60de185cf2c0fb3bccad25,1,100000000000000000,69730000,163443,5017470,1743169691,0xbcf3170ad7ae0c8bc9a0b42ad053366fe815715d827f447192b1b70343d84cc7,NewSale
0xC0DEc165A5d6e6766Fbc35c977f89535899D0411,77663,0xbc2d6E7c81E7f35473b3594031FCC4c519fD24Ad,0,0x9309831967595a4bd20d2e97caf126a0612a3e62,1,249999950000000,69902637,159301,5017471,1743169693,0x0bc2e6c12d13924527e584549a40311ddb0fa95dca2533e4067a1949c6dad3c5,NewSale
0xd493AeB502fb60440911826d8d401d85AA4bb110,82535,0xbc2d6E7c81E7f35473b3594031FCC4c519fD24Ad,0,0xa6560afbf3c42c841fc3cfb889d270cd2e7f54e8,1,18000000000000000000,69730000,163443,5017473,1743169697,0x81e45461394a8ab576b0bc1b580733958d06f30d5f20d8d6db2fbd582fc3233c,NewSale
0x41f07238C5096Eb7eb68c50FE8AE5AdDECBBF5C2,80645,0xbFCACb23F0B41EeEDFf7d04f52CE8f5125150806,0,0x26ca32b540bdb8080a514f82705c9e9ab53a5207,1,500000000000000,70054204,164783,5017479,1743169709,0x1f4165bf37484ba060ad670e2f699aeea359ee483fc13bbbaa17b6e6d7c6b49a,NewSale
0x962BF703902D843cb8Dc4Dff3160b73D84C12457,82561,0xbc2d6E7c81E7f35473b3594031FCC4c519fD24Ad,0,0x923cd36115817d59c51f33e0b5832d7b70ef2530,1,220000000000000,69860000,140578,5017486,1743169723,0x25fd9b0de2c6af1be70c49067dbc6df82231b186673f9d1d76f86e663548b987,NewSale
0xbf5Ab8592addD237D35dDdd3660Ced9235219774,82562,0xbc2d6E7c81E7f35473b3594031FCC4c519fD24Ad,0,0xa327766ea3513d9c9d60de185cf2c0fb3bccad25,1,100000000000000000,70190000,163443,5017497,1743169745,0x8757f31b5aa3502f961fbf32809d6eaa3a946fde0029b0067a0771655241babb,NewSale
0x9309831967595A4BD20d2E97caF126a0612A3e62,82553,0xbc2d6E7c81E7f35473b3594031FCC4c519fD24Ad,1,0x923cd36115817d59c51f33e0b5832d7b70ef2530,1,230000000000000,70200000,135778,5017500,1743169751,0x57eb5ced0a47544061fd27f4236ce3b944717e8bc44d3132946d717c3c6cabfb,NewSale
0x962BF703902D843cb8Dc4Dff3160b73D84C12457,82563,0xbc2d6E7c81E7f35473b3594031FCC4c519fD24Ad,0,0x923cd36115817d59c51f33e0b5832d7b70ef2530,1,200000000000000,70110000,140578,5017517,1743169785,0xcc374e146f446f8ac246e85ca657b5ea27a37d88fceaea3bada591bdb390d765,NewSale
0x6050569EA1F0ddcE8f99e12b44F1aa2E1d97870c,82554,0xbc2d6E7c81E7f35473b3594031FCC4c519fD24Ad,1,0xa6560afbf3c42c841fc3cfb889d270cd2e7f54e8,1,240000000000000,70210000,140566,5017520,1743169791,0x3bd3880db61158478db70a06f709800d4d60fc2e28e8d2f999e6df78d4b702e8,NewSale
0xbf5Ab8592addD237D35dDdd3660Ced9235219774,82569,0xbc2d6E7c81E7f35473b3594031FCC4c519fD24Ad,0,0xa327766ea3513d9c9d60de185cf2c0fb3bccad25,1,100000000000000000,70300000,153843,5017524,1743169799,0xa67ba860ef5ccbce2a2495cd29fd08e5f98ce951e65c71ec3e7149d256253bb3,NewSale
0x962BF703902D843cb8Dc4Dff3160b73D84C12457,82566,0xbc2d6E7c81E7f35473b3594031FCC4c519fD24Ad,0,0x923cd36115817d59c51f33e0b5832d7b70ef2530,1,200000000000000,70680000,140578,5017530,1743169811,0x3f20aab7afb3f21648f3b2a25969ab6801ae8df415ed27d6a015aa2cdba1474e,NewSale
0x962BF703902D843cb8Dc4Dff3160b73D84C12457,82568,0xbc2d6E7c81E7f35473b3594031FCC4c519fD24Ad,0,0x923cd36115817d59c51f33e0b5832d7b70ef2530,1,220000000000000,70750000,140578,5017543,1743169837,0x65d2337ed9490a43a8d2a8f5ca12a8c30f4945390e0fe409e7bc24363d3bcbfa,NewSale
0xE7389a2D3efdAA1ef330a4476f423c40Af362e39,80608,0x6EF07dE7778f607b8658e743bd42Ad4Db277d54C,1,0x26ca32b540bdb8080a514f82705c9e9ab53a5207,1,33000000000000000000,70790429,180539,5017547,1743169845,0xf1868a6752e8fd1cf75c900c1573d7804c288de9ff3ef6b21ceb5eb14260336d,NewSale
0x962BF703902D843cb8Dc4Dff3160b73D84C12457,82571,0xbc2d6E7c81E7f35473b3594031FCC4c519fD24Ad,0,0xa6560afbf3c42c841fc3cfb889d270cd2e7f54e8,1,220000000000000,70610000,135778,5017557,1743169865,0xc3b19e7a601235812640607cde8fe210004ccd186b40eaf38e54b05a043e703d,NewSale
0x0A98601665B67d565a2B3e800812d125D61a0D34,82567,0xbc2d6E7c81E7f35473b3594031FCC4c519fD24Ad,1,0xb678df255af6c740adc9452f462caf7aa44b1be4,1,249000000000000,70570000,152878,5017562,1743169875,0x15294126895633e77adf21fadcd9c0130ff3dfa9f2a70dc19f16beb66fbc2db8,NewSale
0xC0DEc165A5d6e6766Fbc35c977f89535899D0411,77661,0xbc2d6E7c81E7f35473b3594031FCC4c519fD24Ad,0,0xfc9c6dfadad641272714eba273626a088a4a0066,1,249999970000000,70570000,159289,5017565,1743169881,0xe3e1c338104caa43d9877c34debd8852fecd9f12da6164b8229e8b74ac109bff,NewSale
0xbf5Ab8592addD237D35dDdd3660Ced9235219774,82576,0xbc2d6E7c81E7f35473b3594031FCC4c519fD24Ad,1,0xa327766ea3513d9c9d60de185cf2c0fb3bccad25,1,100000000000000000,70560000,175743,5017566,1743169883,0xe3e217853fc2dff51b646d6f5bd8c689944f0e09f362f06badb3caed306ed88e,NewSale
0x9309831967595A4BD20d2E97caF126a0612A3e62,82574,0xbc2d6E7c81E7f35473b3594031FCC4c519fD24Ad,0,0xa6560afbf3c42c841fc3cfb889d270cd2e7f54e8,1,220000000000000,70690000,135778,5017573,1743169897,0xb59a68cf6a17117bc82a4dc3edc99fe6f3e385ecc896925e7045266b879c6d1d,NewSale
0xC0DEc165A5d6e6766Fbc35c977f89535899D0411,77661,0xbc2d6E7c81E7f35473b3594031FCC4c519fD24Ad,0,0xb678df255af6c740adc9452f462caf7aa44b1be4,1,249999970000000,71010000,159301,5017576,1743169903,0x99af18c338274c96b0b5dd08df15659051da066fb26be42e8112dbf8677b40c8,NewSale
0xC0DEc165A5d6e6766Fbc35c977f89535899D0411,77661,0xbc2d6E7c81E7f35473b3594031FCC4c519fD24Ad,0,0xb678df255af6c740adc9452f462caf7aa44b1be4,1,249999970000000,71030000,142201,5017586,1743169923,0x7b60d8a5fbb5f2b3a2a729553e62d6c8a16908c34f052c20c4c64c61e97f7f60,NewSale
0x6050569EA1F0ddcE8f99e12b44F1aa2E1d97870c,82558,0xbc2d6E7c81E7f35473b3594031FCC4c519fD24Ad,1,0x5d2a356f78ac2135c70180ee1996c2ba24087a3a,1,240000000000000,71030000,135766,5017587,1743169925,0x4de89753cf60c6deb46050c0e90c342a7c5f13e8170d983179f9d1c9dcdb7dfb,NewSale
0xC0DEc165A5d6e6766Fbc35c977f89535899D0411,77661,0xbc2d6E7c81E7f35473b3594031FCC4c519fD24Ad,0,0xb678df255af6c740adc9452f462caf7aa44b1be4,1,249999970000000,71220000,142201,5017595,1743169941,0x7fbdee768328264f68ff6bffdfc94619d1bcefaedd146394545bb5e6423d5988,NewSale
0xC0DEc165A5d6e6766Fbc35c977f89535899D0411,77662,0xbc2d6E7c81E7f35473b3594031FCC4c519fD24Ad,0,0xfc9c6dfadad641272714eba273626a088a4a0066,1,249999960000000,71180000,142177,5017602,1743169955,0x26138dde44486fda87b56322e8dc6624a366d9bd50610724190a3b5dbc565d27,NewSale
0xC0DEc165A5d6e6766Fbc35c977f89535899D0411,77661,0xbc2d6E7c81E7f35473b3594031FCC4c519fD24Ad,0,0xb678df255af6c740adc9452f462caf7aa44b1be4,1,249999970000000,71180000,142201,5017607,1743169965,0xf730b750bc943b557d690445a361146239202ea374bfa9f65491d05cce4bcba9,NewSale
