listing_creator,listing_id,asset_contract,token_id,buyer,quantity_bought,total_price_paid,gas_price,gas_used,block_number,timestamp,transaction_hash,event_type
0x0D5fc3c5239a5AF4Eb5675cc9877e9f0c4225C19,77985,0xbc2d6E7c81E7f35473b3594031FCC4c519fD24Ad,1,0x6ea95025e27ae192789e2b5d54dd091343949f52,1,200000000000000,63385035,135778,4971887,1743078525,0x768560c47688a866e435f49d92339bde51ef178ea4c7c9129ee2bc1c505fca3f,NewSale
0xF0eA9Ce6d0464592A938835BC53B6d4e54A4B59d,77995,0xbc2d6E7c81E7f35473b3594031FCC4c519fD24Ad,0,0x6ea95025e27ae192789e2b5d54dd091343949f52,1,160000000000000,62825256,135766,4971918,1743078587,0x3c54b16fb9a246cc7e54686c36c0d81ccfebc2ea9f3f076f3932c02584ec62c7,NewSale
0x08Bd0ee80fCe4fD77056e06017Fb5C33dc4a666c,77996,0xbc2d6E7c81E7f35473b3594031FCC4c519fD24Ad,0,0x6ea95025e27ae192789e2b5d54dd091343949f52,1,200000000000000,115033302,140578,4971964,1743078679,0xe1e904b26c00e729dd5043f57e09826fb9702f157b72e616abd3bff2f49c7105,NewSale
0x62103267FBb66266Ed35DfBcaEC3526bC18d258B,74375,0xbFCACb23F0B41EeEDFf7d04f52CE8f5125150806,6,0x5d18b6e6d9612341e043961d57d1c74b66ded583,1,600000000000000,58223722,162483,4971964,1743078679,0xc4bc589e665b521f52445cc8ec237ca52b885c1e81cf4d598065630ea1012472,NewSale
0xF27b87f2336b37fE60e63394aBcF22EAb686FCD8,77940,0xbc2d6E7c81E7f35473b3594031FCC4c519fD24Ad,0,0x6ea95025e27ae192789e2b5d54dd091343949f52,1,210000000000000,76342561,140578,4971995,1743078741,0x89f78f80b04ce2335de7b6f45146a000b97ca7a5b9823d5e7a62053ce2266520,NewSale
0x08Bd0ee80fCe4fD77056e06017Fb5C33dc4a666c,78001,0xbc2d6E7c81E7f35473b3594031FCC4c519fD24Ad,1,0x6ea95025e27ae192789e2b5d54dd091343949f52,1,200000000000000,76360560,140578,4972027,1743078805,0xa07dd52efb35cacb8f82990adf528359a47d911720383d627e7153b5e3c4cb4a,NewSale
0x08Bd0ee80fCe4fD77056e06017Fb5C33dc4a666c,77994,0xbc2d6E7c81E7f35473b3594031FCC4c519fD24Ad,0,0x6ea95025e27ae192789e2b5d54dd091343949f52,1,200000000000000,113281839,140578,4972074,1743078899,0x8b70a1793bc3059a925a816db91777936a958a236c193480830bcd5bc8c0eeba,NewSale
0xf8521C59c3a74Cd04B60573d49523f2b06F6124C,76692,0x7e5F161dd824d98AC3474eBf550716d0cb83E8C6,1,0x5d18b6e6d9612341e043961d57d1c74b66ded583,1,500000000000000,57664474,162483,4972083,1743078917,0x5bf056ee42e8d7118d158ab73b64b262e3643b01f2b9f3e8d15a386ab40d6e86,NewSale
0xFABfe489fF00B5cBCcA4a28DcBBF89727F074144,78008,0xbc2d6E7c81E7f35473b3594031FCC4c519fD24Ad,0,0x6ea95025e27ae192789e2b5d54dd091343949f52,1,200000000000000,115797893,140578,4972150,1743079051,0x930ca821e29b7ff15cff0f9faf80a750aa66fe23bf1036bf8709898b17f9b0db,NewSale
0xFABfe489fF00B5cBCcA4a28DcBBF89727F074144,78010,0xbc2d6E7c81E7f35473b3594031FCC4c519fD24Ad,0,0x6ea95025e27ae192789e2b5d54dd091343949f52,1,200000000000000,117374463,140578,4972189,1743079129,0xcc27b011511c5000d17d8ff06e000c51cedbf777feeba247cc8353276bb46fcd,NewSale
0xF06223726ACB9A0277A00BB5918eAA185903d4D2,77967,0xbc2d6E7c81E7f35473b3594031FCC4c519fD24Ad,1,0x7abb334fd82456f77216da59271e6c462cb7c5e4,1,249900000000000,73480000,152878,4972195,1743079141,0x0fe7f2ae8d8e3975d3a0ebd8a34ee22a2de5370ae7fae75908e9c2360fd47e7f,NewSale
0xE4f4BaEd82d30f2244fE1722aeda37dEF4B38Ddc,77622,0x897d1cBBeDC44c8371672e8cA72555b5194D6D86,0,0x991c49b815d066a942159440162626499eaa9c2e,1,1180000000000000,73480000,150199,4972198,1743079147,0x811bfefa09a1854ea25ab70a71033786f1e5f7c62d53207fd31b546784f1f9fa,NewSale
0xFABfe489fF00B5cBCcA4a28DcBBF89727F074144,78011,0xbc2d6E7c81E7f35473b3594031FCC4c519fD24Ad,0,0x5b5affd7bb3f7eb11be364c468b1ae69c5fda97e,1,200000000000000,62881970,140578,4972232,1743079215,0x9714a7c1d205c47da73adcc7d3cd7d8b812c1b22ac3e1aaf582313194e9e4935,NewSale
0xF27b87f2336b37fE60e63394aBcF22EAb686FCD8,77952,0xbc2d6E7c81E7f35473b3594031FCC4c519fD24Ad,0,0x946eef93765d2820b5aa0c70822f17bbad9ab392,1,210000000000000,71456140,135778,4972257,1743079265,0xcee03b020786db89f64b34cb6d839aa2558ac3fc931a8b5fe74842eb86fd373e,NewSale
0xFABfe489fF00B5cBCcA4a28DcBBF89727F074144,78017,0xbc2d6E7c81E7f35473b3594031FCC4c519fD24Ad,0,0x946eef93765d2820b5aa0c70822f17bbad9ab392,1,200000000000000,70102870,140578,4972288,1743079327,0xbde3a88eade3e1186ac93a4a688c9c72175b8d6f3fd0844a8bb03e0f5b9e617e,NewSale
0x230bFf75310590b1Ac4B5Fd4fb34A7cee8282Ea9,71416,0x6aD26D68bFf8cAD6bAaeA257832854e58B08150E,1,0x5d18b6e6d9612341e043961d57d1c74b66ded583,1,600000000000000,68105562,164783,4972302,1743079355,0x4fd61483fde4dbe128ae0391faa02ff8a3f164de75696884dcdeef30e52b9ab9,NewSale
0xcCcE1a6E4730A31ab7e6e81c4634F562218373df,78019,0xbc2d6E7c81E7f35473b3594031FCC4c519fD24Ad,1,0x9bf4b1886077518932c723db92cfd9b7f3ddf102,1,210000000000000,68725386,157678,4972335,1743079421,0xa34923da13372f0d0f030f70b4097ad46b32e4dfd643e6877cbe77844435567a,NewSale
0x7FAF977C9A1B0f9baB443a291A5C97C5a02C284f,77677,0xdc0F91C5a4D200FfC21658901c77c0fE1A14d199,0,0xfa376d0628449ac8c5fa50d9dce8c2acbdd53fcc,1,5000000,68244095,203668,4972348,1743079447,0x9f4dcd15242fb87ff394c9666da97c2c52156515ba0d7a6ddde9817f033040d3,NewSale
0xFABfe489fF00B5cBCcA4a28DcBBF89727F074144,78012,0xbc2d6E7c81E7f35473b3594031FCC4c519fD24Ad,0,0x5b5affd7bb3f7eb11be364c468b1ae69c5fda97e,1,200000000000000,68341205,140578,4972357,1743079465,0xf017bf40cfefb6a908ae01c00478b98c541eef51efbb44909f7a572a10b43991,NewSale
0xFABfe489fF00B5cBCcA4a28DcBBF89727F074144,78016,0xbc2d6E7c81E7f35473b3594031FCC4c519fD24Ad,0,0x946eef93765d2820b5aa0c70822f17bbad9ab392,1,200000000000000,68108753,140578,4972364,1743079479,0xa3edad3a7bcea8bacb40cb94d3f47525c857e61a8995fc73c4770e5a49e22a4b,NewSale
0x354B10783337A446703A4B02F9e12B6791a89f54,77990,0xbc2d6E7c81E7f35473b3594031FCC4c519fD24Ad,0,0x6bb275953d6297261386a8eac44db37e8f278ebf,1,15000000000000000000,68250000,175743,4972373,1743079497,0x26e0e4e20bab9391febc83f96a0120cd997e34678d6ac4c4f231915a30949f8b,NewSale
0x9E42b0d32F2c7c329Df5Ff3753D52415864FD72B,78021,0xbc2d6E7c81E7f35473b3594031FCC4c519fD24Ad,1,0x08074ea1c1d223f96e173cd230e3b0c21c5fc0d8,1,249900000000000,67227352,152878,4972380,1743079511,0x22752b94c576a70b9a988ba08b4cee2156e8842fe92fb0d2ff3ba1b5cd30e87a,NewSale
0x5C3fbC41F4eEE410eBE6Af094dC0DFe53d154D7E,77947,0xbc2d6E7c81E7f35473b3594031FCC4c519fD24Ad,1,0x63d8e557ed910d81271e4b7c554178885530af8b,1,223000000000000,67227352,157678,4972380,1743079511,0xc0c1ee4005ee51bf2c49f2e4d2c053bfa1a9e394985318a7d84b65c3569b4c69,NewSale
0xFABfe489fF00B5cBCcA4a28DcBBF89727F074144,78013,0xbc2d6E7c81E7f35473b3594031FCC4c519fD24Ad,0,0x991c49b815d066a942159440162626499eaa9c2e,1,200000000000000,68010000,140578,4972382,1743079515,0xa3029cb3b5096ba95fab243fd53e2932af8af3d92e885c9ea238a634b6015309,NewSale
0xFABfe489fF00B5cBCcA4a28DcBBF89727F074144,78015,0xbc2d6E7c81E7f35473b3594031FCC4c519fD24Ad,0,0x9bf4b1886077518932c723db92cfd9b7f3ddf102,1,200000000000000,66623168,140578,4972392,1743079535,0x93e2540bc99985ab9c7a01a87db4ab983cae8f6278b6fb04cfe5e9fd0d488501,NewSale
0xC0DEc165A5d6e6766Fbc35c977f89535899D0411,77659,0xbc2d6E7c81E7f35473b3594031FCC4c519fD24Ad,0,0x63d8e557ed910d81271e4b7c554178885530af8b,1,249999980000000,66496318,142177,4972404,1743079559,0x83b6cf82f4536f044314586d968fda31955c5f833fa8e003aaa5eac8014b01f6,NewSale
0xcCcE1a6E4730A31ab7e6e81c4634F562218373df,78024,0xbc2d6E7c81E7f35473b3594031FCC4c519fD24Ad,1,0x7a5361423ec75d740d5e011bb4c9f2088f79e785,1,200000000000000,66461460,157678,4972423,1743079597,0xc9b74d312c8b78c0933ddf55c52abd0ad3c99bf0034464d62f8cd8fa02b95eac,NewSale
0x5cAaE3AF9F868b9f0C4Ecc2Cb67f5Db9DFe1e9Df,78020,0xbc2d6E7c81E7f35473b3594031FCC4c519fD24Ad,1,0x08074ea1c1d223f96e173cd230e3b0c21c5fc0d8,1,249900000000000,66588339,135778,4972430,1743079611,0x5bef67701cedb99c818d350cde306c6ce5a443ea26e52ad1bb0cf6b917ab626c,NewSale
0xeF0Ef28b882d166B732d00A01Ea762B9CCd3FE44,78007,0xbc2d6E7c81E7f35473b3594031FCC4c519fD24Ad,1,0x7a5361423ec75d740d5e011bb4c9f2088f79e785,1,229000000000000,66484837,142189,4972443,1743079637,0x734fd22ee2ec954a35fcd47de6c9a4757b7f4f48ffd541e89a2b89a710022f0a,NewSale
0xcCcE1a6E4730A31ab7e6e81c4634F562218373df,78022,0xbc2d6E7c81E7f35473b3594031FCC4c519fD24Ad,1,0x08074ea1c1d223f96e173cd230e3b0c21c5fc0d8,1,200000000000000,66563933,140578,4972445,1743079641,0x10a5cf8eb9d1bfc296580a5717d5916d9b59192b7bf9128846e4564a435be463,NewSale
0x546e6d3fa2a53164b8D9a81cC95808153F294E30,78026,0xbc2d6E7c81E7f35473b3594031FCC4c519fD24Ad,0,0x7a5361423ec75d740d5e011bb4c9f2088f79e785,1,213000000000000,66722215,135778,4972458,1743079667,0x1328482e620b55bf65cbeb7000d50bb98c36b70bf432cb3c9a31603c1537a8e0,NewSale
0xeF0Ef28b882d166B732d00A01Ea762B9CCd3FE44,78007,0xbc2d6E7c81E7f35473b3594031FCC4c519fD24Ad,1,0x7a5361423ec75d740d5e011bb4c9f2088f79e785,1,229000000000000,66809414,142189,4972468,1743079687,0x7f7725887b6fa05e241118beb513f429a72227a57ec448041ec42c882dddaf31,NewSale
0xFABfe489fF00B5cBCcA4a28DcBBF89727F074144,78014,0xbc2d6E7c81E7f35473b3594031FCC4c519fD24Ad,0,0x1e1fc678688dccbd2108c296b1c9107f950ad37a,1,200000000000000,66832000,135778,4972469,1743079689,0xfb4dcfbe59f84f9a153f4b11ef7d5c18b475cb29dc3de81f9bde2afba6917043,NewSale
0x885Ed01a32C3EbE5eE6F376ab46AD9091c34B92C,78018,0xbc2d6E7c81E7f35473b3594031FCC4c519fD24Ad,1,0x08074ea1c1d223f96e173cd230e3b0c21c5fc0d8,1,249900000000000,67521229,135778,4972477,1743079705,0xf7bd4bb99188cb38e2dd9989da0e2b49fe71151aee10897128b227b0baf9703f,NewSale
0x08Bd0ee80fCe4fD77056e06017Fb5C33dc4a666c,77976,0xbc2d6E7c81E7f35473b3594031FCC4c519fD24Ad,0,0x7a5361423ec75d740d5e011bb4c9f2088f79e785,1,220000000000000,67423574,135778,4972485,1743079721,0xe4906b5b95834753b354664f602297020ed33bb4d4ae68e884bc024e721c86d5,NewSale
0x804011aa60F56D4b6eb1a48c89fc5ECD925AC275,77992,0xbc2d6E7c81E7f35473b3594031FCC4c519fD24Ad,1,0x287bf6ef4cd02e1a086c59cf52c0671507ee68ce,1,249900000000000,66900000,152878,4972485,1743079721,0x34225d859ee8a631641d0e06cdc203ff1e2a7a49cd11e6777a8bcef743d062a5,NewSale
0x82BEE045452B65fc088f4B1C0519e3c6fdd802dF,78023,0xbc2d6E7c81E7f35473b3594031FCC4c519fD24Ad,1,0x08074ea1c1d223f96e173cd230e3b0c21c5fc0d8,1,249900000000000,68642559,135778,4972503,1743079757,0x941af481331231f2553989d565dc26d4b890a2a5d42a538bf6fb869fae48ca6a,NewSale
0x5C3fbC41F4eEE410eBE6Af094dC0DFe53d154D7E,77955,0xbc2d6E7c81E7f35473b3594031FCC4c519fD24Ad,0,0x08074ea1c1d223f96e173cd230e3b0c21c5fc0d8,1,230000000000000,69138034,135778,4972537,1743079825,0x7d7c8e0cafcd4ada148be1b872e81d5a7c47108d0a0213dfa2ffb035b9cedb99,NewSale
0xeF0Ef28b882d166B732d00A01Ea762B9CCd3FE44,78007,0xbc2d6E7c81E7f35473b3594031FCC4c519fD24Ad,1,0x919c6c8b425a1bdc9634d2abf38664d0cab50c70,1,229000000000000,137313543,159289,4972598,1743079947,0x89f568a99988256d13fe4c81ec0525f9c6ac8e4669998ac225c7b64b3d018869,NewSale
0xeF0Ef28b882d166B732d00A01Ea762B9CCd3FE44,78007,0xbc2d6E7c81E7f35473b3594031FCC4c519fD24Ad,1,0x546e6d3fa2a53164b8d9a81cc95808153f294e30,1,229000000000000,69945583,159289,4972622,1743079995,0x2fc77ea826ac481e3d9a62370c7414ab85ef7ff076a8387a023cda6b60c80494,NewSale
0xeF0Ef28b882d166B732d00A01Ea762B9CCd3FE44,78007,0xbc2d6E7c81E7f35473b3594031FCC4c519fD24Ad,1,0x991c49b815d066a942159440162626499eaa9c2e,1,229000000000000,83120000,159289,4972625,1743080001,0xa68c29bcc988fd6a945b7c40927b46e7a04ba044a12e6f0a4e5b018a5d51aa88,NewSale
0x5C3fbC41F4eEE410eBE6Af094dC0DFe53d154D7E,77951,0xbc2d6E7c81E7f35473b3594031FCC4c519fD24Ad,1,0x63d8e557ed910d81271e4b7c554178885530af8b,1,230000000000000,70247185,140578,4972626,1743080003,0x62f4543798339a65e23eed639e9ce6d2b82584bde1927873597a2438e5a597b0,NewSale
0x5C3fbC41F4eEE410eBE6Af094dC0DFe53d154D7E,77949,0xbc2d6E7c81E7f35473b3594031FCC4c519fD24Ad,1,0x9bf4b1886077518932c723db92cfd9b7f3ddf102,1,230000000000000,70573634,140578,4972638,1743080027,0x5c3f5e5d127df5aee3e95c86e467f08a7a5b807a4508b1822219b7581be5c79d,NewSale
0xC0DEc165A5d6e6766Fbc35c977f89535899D0411,77663,0xbc2d6E7c81E7f35473b3594031FCC4c519fD24Ad,0,0x63d8e557ed910d81271e4b7c554178885530af8b,1,249999950000000,70368528,142201,4972651,1743080053,0x4f55e8ac5090c8143043a6870ebc80b27681b7a0a5c9f2fb1ba52a344932ac49,NewSale
0x287Bf6eF4CD02e1a086c59Cf52c0671507EE68cE,78038,0xbc2d6E7c81E7f35473b3594031FCC4c519fD24Ad,1,0x991c49b815d066a942159440162626499eaa9c2e,1,200000000000000,84340000,135778,4972655,1743080061,0x43b2269c1a9f04ae5b6fa8afa887c49cac89d806cf837c7737dc346e98757a43,NewSale
0x7473C3036Cf8971EF6Eb925c606Fa9298125cF6b,77933,0xbc2d6E7c81E7f35473b3594031FCC4c519fD24Ad,1,0x08074ea1c1d223f96e173cd230e3b0c21c5fc0d8,1,249900000000000,138262633,135778,4972663,1743080077,0x973f029c6458be3c4afbb5c5ceb501b600e73c24f0acce4905d591456f6325f6,NewSale
0x164609fe5aE90Ee2110Fb9DF0b8E434e4EA313e3,77921,0xdc0F91C5a4D200FfC21658901c77c0fE1A14d199,0,0x2d4b5b5c8d1980d3f5e5f858f6163ed8b1c5dfaa,1,620000000000000,71024149,145383,4972681,1743080113,0xae3bad4a24eecaa1c9d0c48604de76bd0478a6b592a70592e9c805c1af01cb3a,NewSale
0x8222E5c0912c12e94EF02D1899D09F054e07F884,77956,0xbc2d6E7c81E7f35473b3594031FCC4c519fD24Ad,1,0x08074ea1c1d223f96e173cd230e3b0c21c5fc0d8,1,249900000000000,139012449,135778,4972688,1743080127,0x0cf34b0266a13a0bf1b4a48d2d50a5f726f82517cab639fce0713ba83ac0ddd3,NewSale
0xeF0Ef28b882d166B732d00A01Ea762B9CCd3FE44,78007,0xbc2d6E7c81E7f35473b3594031FCC4c519fD24Ad,1,0x9cc69a8403f509b15b2f094873641969fd32eea9,1,229000000000000,139140901,159289,4972691,1743080133,0xf4845c54d2bd560b3291b2457ff8f54e5ed2053944c1ebe116cb7f5195dd16fb,NewSale
0x0DDDAb17d0eE1416A757758Fe4dcE96EE8Df211c,78028,0xdc0F91C5a4D200FfC21658901c77c0fE1A14d199,0,0xb68b3e0bfa96fd90c1d889e6f8f519fe14666814,1,570000000000000,139493807,162483,4972703,1743080157,0xb086cbf2a14727a62f9891a34f0cb55be6f782088c3aeb841ad6f7ece1c071fe,NewSale
0x1AA907aF91Db0D739F5c66f5C4Cfc88a3CE3D81E,77986,0xbc2d6E7c81E7f35473b3594031FCC4c519fD24Ad,1,0x08074ea1c1d223f96e173cd230e3b0c21c5fc0d8,1,249900000000000,139555365,135778,4972705,1743080161,0xfe99e8ba7b51232144625e428c247d1d80fcecba5e4c5a31258eac18a9a7e1cd,NewSale
0x5C3fbC41F4eEE410eBE6Af094dC0DFe53d154D7E,77942,0xbc2d6E7c81E7f35473b3594031FCC4c519fD24Ad,1,0x9bf4b1886077518932c723db92cfd9b7f3ddf102,1,230000000000000,72018130,135778,4972705,1743080161,0x846db7043d094d6dd53c9d0845687074435adc78dbc621dbc78eb349570d941a,NewSale
0xf4cf149Bae372042eDD85Cec0d1533D7a83065cc,78031,0xbc2d6E7c81E7f35473b3594031FCC4c519fD24Ad,1,0x63d8e557ed910d81271e4b7c554178885530af8b,1,249900000000000,72382233,135778,4972716,1743080183,0x49143b6f43ca84c7510dfc3ca896b08a0ec444350d7265230ec84cc9047be852,NewSale
0xbAa9672503be4067CCc6eBB08BEe52af3e0b3b4C,77583,0x2Bf46D4497e98FbA2304B0d2453922FFf559Ea02,44,0x406fb58b9e177b66df38321c2a5a7c12d1796348,1,500000000000000,72623118,164783,4972722,1743080195,0x173e6d9cbbd87ec4203bfc54a4837c26809734cfed592a0fa57b13ee5bdaa8f8,NewSale
0xC0DEc165A5d6e6766Fbc35c977f89535899D0411,77663,0xbc2d6E7c81E7f35473b3594031FCC4c519fD24Ad,0,0xf99ead3a5b94cd5deaa32c5b5120027b5f34fcd4,1,249999950000000,73664643,142201,4972734,1743080219,0xebb5e8d1cd278e32b6e9850f0ca54d6f9cbe6dfff83c604978f302cb6e75d5c0,NewSale
0xeF0Ef28b882d166B732d00A01Ea762B9CCd3FE44,78009,0xbc2d6E7c81E7f35473b3594031FCC4c519fD24Ad,1,0x63d8e557ed910d81271e4b7c554178885530af8b,1,229000000000000,73727143,142189,4972736,1743080223,0xad1b2a132e8731e450e1e5af1e0e331c541781687504a25beecfcb26bda65cf5,NewSale
0xeF0Ef28b882d166B732d00A01Ea762B9CCd3FE44,78007,0xbc2d6E7c81E7f35473b3594031FCC4c519fD24Ad,1,0x9bf4b1886077518932c723db92cfd9b7f3ddf102,1,229000000000000,75646056,142189,4972756,1743080263,0xb680a8e2ad659c0ed2a786538ab82f0e9206862b531a33daa02cee760b249431,NewSale
0xC0DEc165A5d6e6766Fbc35c977f89535899D0411,77663,0xbc2d6E7c81E7f35473b3594031FCC4c519fD24Ad,0,0xf99ead3a5b94cd5deaa32c5b5120027b5f34fcd4,1,249999950000000,75646056,142201,4972756,1743080263,0x2e8e3abd4c80aaa1b8fd0176c36013b9003716c783e7014cb8d34dff0b0ddce0,NewSale
0xeF0Ef28b882d166B732d00A01Ea762B9CCd3FE44,78009,0xbc2d6E7c81E7f35473b3594031FCC4c519fD24Ad,1,0x63d8e557ed910d81271e4b7c554178885530af8b,1,229000000000000,76552023,142189,4972771,1743080293,0x3eef1033f905062b95e105c0ad5479f12f59dd5d005509fd90b9b78ededf4c74,NewSale
0x919C6C8b425A1bDc9634d2abF38664d0cAB50c70,78046,0xbc2d6E7c81E7f35473b3594031FCC4c519fD24Ad,0,0xf99ead3a5b94cd5deaa32c5b5120027b5f34fcd4,1,230000000000000,77067161,135778,4972778,1743080307,0xcaa970b1a840fae12db59c524485d795eeab5cd97e7529493eec20ccf584b4ab,NewSale
0xeF0Ef28b882d166B732d00A01Ea762B9CCd3FE44,78007,0xbc2d6E7c81E7f35473b3594031FCC4c519fD24Ad,1,0x9bf4b1886077518932c723db92cfd9b7f3ddf102,1,229000000000000,78475038,142189,4972800,1743080351,0x75345e4552106f242ca94820fcc0c7c10ac6cdea8b42bbf8b5e43ec264271e00,NewSale
0xC0DEc165A5d6e6766Fbc35c977f89535899D0411,77663,0xbc2d6E7c81E7f35473b3594031FCC4c519fD24Ad,0,0xf99ead3a5b94cd5deaa32c5b5120027b5f34fcd4,1,249999950000000,78679083,142201,4972801,1743080353,0x50f4157816dbb76701f5a195ebfaf037c654529d6d5ed66e7cbe9f422ed276bb,NewSale
0x919C6C8b425A1bDc9634d2abF38664d0cAB50c70,78045,0xbc2d6E7c81E7f35473b3594031FCC4c519fD24Ad,1,0x63d8e557ed910d81271e4b7c554178885530af8b,1,230000000000000,79927373,135778,4972817,1743080385,0xb460a1fd31d03cb2d99451c8e38545b4b01711127c157f3db6e6de89c67ea338,NewSale
0xbc9e5e5C5044aD52C5e8BCa1B810FC5570c55fD3,59178,0x3C64026f79C997E422d84ACf7c318C28c73DDAaA,10,0x406fb58b9e177b66df38321c2a5a7c12d1796348,1,42000000000000000000,79827373,186918,4972817,1743080385,0x17bebbaaa1edf0527d26bb50ae4c95a5f863080627eaa80067716ac0bcb3a904,NewSale
0x9Cc69a8403f509B15b2f094873641969Fd32EeA9,78051,0xbc2d6E7c81E7f35473b3594031FCC4c519fD24Ad,0,0xf99ead3a5b94cd5deaa32c5b5120027b5f34fcd4,1,249000000000000,80321661,135778,4972823,1743080397,0x2aaaf8cafad815652ce0ca2bc8661bb64141612019500803c767a3272f03ad04,NewSale
0x5B5aFFD7bB3f7Eb11BE364c468b1aE69c5fdA97e,78049,0xbc2d6E7c81E7f35473b3594031FCC4c519fD24Ad,0,0x546e6d3fa2a53164b8d9a81cc95808153f294e30,1,150000000000000,82731213,157678,4972835,1743080421,0x5780e5b10fa4a70da73da145c1ac082e78b1305595abfa4736c11971b73624d7,NewSale
0xcCcE1a6E4730A31ab7e6e81c4634F562218373df,78042,0xbc2d6E7c81E7f35473b3594031FCC4c519fD24Ad,1,0x946eef93765d2820b5aa0c70822f17bbad9ab392,1,200000000000000,83780261,152878,4972844,1743080439,0x015a5243e9c6844e0fdb8535ffe6b9cdaeb66e83c42d61a8a8a63d4d63a7204e,NewSale
0x27dc03766F3c80dD17df12b7686F5063f29FEEa2,77984,0xbc2d6E7c81E7f35473b3594031FCC4c519fD24Ad,1,0x63d8e557ed910d81271e4b7c554178885530af8b,1,249000000000000,83532654,135778,4972845,1743080441,0xed507b065abd890edfeb70df99af22822b5425328e2c8e1aca21e9d190d2e7ae,NewSale
0xC0DEc165A5d6e6766Fbc35c977f89535899D0411,77661,0xbc2d6E7c81E7f35473b3594031FCC4c519fD24Ad,0,0x9bf4b1886077518932c723db92cfd9b7f3ddf102,1,249999970000000,84408469,142201,4972857,1743080465,0x5fe7658338b7e5d8bdac5157490f160b9cb443fec63398ffc425ff2ca3921bdc,NewSale
0xeF0Ef28b882d166B732d00A01Ea762B9CCd3FE44,78007,0xbc2d6E7c81E7f35473b3594031FCC4c519fD24Ad,1,0x6e59426c652c87060fc0378e1181a5013b0251fb,1,229000000000000,89650000,159289,4972865,1743080481,0xf2cd171466ae3ffe348d6351925a9c60958053e7790d379aa06eea626a9e5594,NewSale
0xC0DEc165A5d6e6766Fbc35c977f89535899D0411,77663,0xbc2d6E7c81E7f35473b3594031FCC4c519fD24Ad,0,0xf99ead3a5b94cd5deaa32c5b5120027b5f34fcd4,1,249999950000000,85384827,142201,4972868,1743080487,0xf371190515d4b91e5b1dd1ca827d009d7931eaf4dcf0261ca0963bd430e41adc,NewSale
0x5B5aFFD7bB3f7Eb11BE364c468b1aE69c5fdA97e,78055,0xbc2d6E7c81E7f35473b3594031FCC4c519fD24Ad,0,0x946eef93765d2820b5aa0c70822f17bbad9ab392,1,150000000000000,85604513,140578,4972873,1743080497,0x9a018bab9d7010734424665093de1391eeddadacd03935958f8447b47322984a,NewSale
0x2065b7a05102C48A44CB985a1E1f466ac9cEE08C,75210,0xbc2d6E7c81E7f35473b3594031FCC4c519fD24Ad,0,0x6e59426c652c87060fc0378e1181a5013b0251fb,1,275000000000000,85760000,157678,4972882,1743080515,0x826f7a9249694398a9bdb1ad80bf2755bdcd05ff50a749b288442fca5f9a3f64,NewSale
0x5B5aFFD7bB3f7Eb11BE364c468b1aE69c5fdA97e,78057,0xbc2d6E7c81E7f35473b3594031FCC4c519fD24Ad,0,0x946eef93765d2820b5aa0c70822f17bbad9ab392,1,150000000000000,86839276,135778,4972895,1743080541,0x108317e1eabf3c02cd3f41962c9b822f8dc43eb17fe7c46b398a813ac32ac4e5,NewSale
0xC0DEc165A5d6e6766Fbc35c977f89535899D0411,74550,0xbc2d6E7c81E7f35473b3594031FCC4c519fD24Ad,0,0x6e59426c652c87060fc0378e1181a5013b0251fb,1,279999990000000,86310000,142201,4972897,1743080545,0x0b82e7d666464e7325e9abb8493c9faa229a74c746f0ec54f2fe9e222e8fb109,NewSale
0xe7d059DA6834Da716d2b1114075A2a55202F5B4F,78048,0xdc0F91C5a4D200FfC21658901c77c0fE1A14d199,0,0x830a6393d714670f53df3e5ba14ca5f92978bbdb,1,620000000000000,86876368,150183,4972900,1743080551,0x1c1e15b160c3286a2d1649674ea6637e5422977e3e2a0b5ab25fb55af3327098,NewSale
0xeF0Ef28b882d166B732d00A01Ea762B9CCd3FE44,78007,0xbc2d6E7c81E7f35473b3594031FCC4c519fD24Ad,1,0xbb7fea355a1cdda937346d39019f0505f4a2d945,1,229000000000000,86830000,157678,4972906,1743080563,0x0518b590c72d0330b6164180364a494aac9af2293a22a0a34948ca522cf6da80,NewSale
0xbaeDf698469a056b5fFD358929a1CD5fE97E5834,76545,0x02e21A25F0038fa5BDEe9c0b77aC0c1E84d3d6f0,2001,0x406fb58b9e177b66df38321c2a5a7c12d1796348,1,390000000000000,86784200,150458,4972909,1743080569,0x4de5a32b2b69b92e5aeb013bb1235c830e46a25ebbe8b1075fa19c543bfec7df,NewSale
0xC0DEc165A5d6e6766Fbc35c977f89535899D0411,77663,0xbc2d6E7c81E7f35473b3594031FCC4c519fD24Ad,0,0xf99ead3a5b94cd5deaa32c5b5120027b5f34fcd4,1,249999950000000,87031988,142201,4972911,1743080573,0x9e227315da86c4d32b61a1b0edc26e6dd649dfca11e0908e07700130fd574571,NewSale
0xeF0Ef28b882d166B732d00A01Ea762B9CCd3FE44,78009,0xbc2d6E7c81E7f35473b3594031FCC4c519fD24Ad,1,0x6e59426c652c87060fc0378e1181a5013b0251fb,1,229000000000000,86920000,142189,4972913,1743080577,0x3e3b936213ba95cae321b1d9b83c45ed49d5ce0a07ff6a1777025d33d289d483,NewSale
0xeF0Ef28b882d166B732d00A01Ea762B9CCd3FE44,78009,0xbc2d6E7c81E7f35473b3594031FCC4c519fD24Ad,1,0x9cfdad32f9127b87fff03ba323bad8d2251b62bb,1,229000000000000,87366951,159289,4972936,1743080623,0xbb17dd6d27b6963bae75d12f2291423a0950b01ae0682a88af2a9dc7579649b5,NewSale
0xeF0Ef28b882d166B732d00A01Ea762B9CCd3FE44,78009,0xbc2d6E7c81E7f35473b3594031FCC4c519fD24Ad,1,0x946eef93765d2820b5aa0c70822f17bbad9ab392,1,229000000000000,87497990,142189,4972937,1743080625,0xce7c7f9803be9c9f709ece1bb8e3b570b34fc786b45da2ab2b0d0e4f6df52793,NewSale
0xC0DEc165A5d6e6766Fbc35c977f89535899D0411,77662,0xbc2d6E7c81E7f35473b3594031FCC4c519fD24Ad,0,0xf99ead3a5b94cd5deaa32c5b5120027b5f34fcd4,1,249999960000000,87511150,142189,4972938,1743080627,0xc3ec28720246899f20766a230cb028a86bbb7c64d1569bad6f973ff4499d1d67,NewSale
0x7e8Ed65FA3638d95dAA4aEC0d55F274BD566D5fa,76896,0xFC000E355ea1dC4A8B8e40B7A09d1fFf82596D7b,0,0x0cca90a4ba750fc7f970019df3e1e01c8f2ccd4e,1,500000000000000,87495451,152874,4972940,1743080631,0x14b57dcc82880e18762731df802add85e0b2f7e3d2617172691b742a7d6b16fe,NewSale
0xC0DEc165A5d6e6766Fbc35c977f89535899D0411,77663,0xbc2d6E7c81E7f35473b3594031FCC4c519fD24Ad,0,0x9cfdad32f9127b87fff03ba323bad8d2251b62bb,1,249999950000000,87359240,142201,4972951,1743080653,0x5314c4e7b054fede0c8362a0c60e30440301b2e087c1dbe1ebd1f0965f0a24ec,NewSale
0xeF0Ef28b882d166B732d00A01Ea762B9CCd3FE44,78009,0xbc2d6E7c81E7f35473b3594031FCC4c519fD24Ad,1,0x5b5affd7bb3f7eb11be364c468b1ae69c5fda97e,1,229000000000000,87518491,159289,4972956,1743080663,0x659d1b0ac4c72cfe3f8d97b4726e880767929dc5a2c182e2a61ac32847507d9e,NewSale
0x44df44411534A4dC55D50cbD4e6D8d7c1B5531F7,78064,0xbc2d6E7c81E7f35473b3594031FCC4c519fD24Ad,1,0x946eef93765d2820b5aa0c70822f17bbad9ab392,1,200000000000000,88076388,135778,4972958,1743080667,0xc480f5f44a80acaa05500539d223fc81ee7635e7b60db79ca50caa0d3b363c94,NewSale
0xeb418E53EFcDc351137C9A81c70967b8D7063f4C,77908,0x7e5F161dd824d98AC3474eBf550716d0cb83E8C6,2,0x406fb58b9e177b66df38321c2a5a7c12d1796348,1,30000000000000000000,87900857,186930,4972962,1743080675,0x43bf0869a770ecba415f52ad41fcb7a956a0c8cee2ebf404fba20f4f9d7a8967,NewSale
0xC0DEc165A5d6e6766Fbc35c977f89535899D0411,77663,0xbc2d6E7c81E7f35473b3594031FCC4c519fD24Ad,0,0xf99ead3a5b94cd5deaa32c5b5120027b5f34fcd4,1,249999950000000,87929641,142201,4972964,1743080679,0xe7e5f10580a426b58d22de050c9c59b1fa64d5b00d285ac0ca92285cc3a1d962,NewSale
0xa53886c11b14054b7E5FcC2b46391d0aB0a38C34,78027,0xbc2d6E7c81E7f35473b3594031FCC4c519fD24Ad,1,0x9cfdad32f9127b87fff03ba323bad8d2251b62bb,1,249900000000000,87721097,135778,4972975,1743080701,0x7c4599a34304a840a741383888595b64037b75317242543e07ea0b6307344f29,NewSale
0xeF0Ef28b882d166B732d00A01Ea762B9CCd3FE44,78009,0xbc2d6E7c81E7f35473b3594031FCC4c519fD24Ad,1,0x9bf4b1886077518932c723db92cfd9b7f3ddf102,1,229000000000000,87967142,142189,4972977,1743080705,0x2682593a9e9dfe9a0a195130fe9ced64cddcaefdef1a8a4357ea9ef607f8fe2c,NewSale
0xeF0Ef28b882d166B732d00A01Ea762B9CCd3FE44,78009,0xbc2d6E7c81E7f35473b3594031FCC4c519fD24Ad,1,0x946eef93765d2820b5aa0c70822f17bbad9ab392,1,229000000000000,88031958,142189,4972980,1743080711,0xd66f6551ecf17728632b03d6b0a230739d3c01472fd3a7155ef502bdc0d71488,NewSale
0x991C49b815d066A942159440162626499eAA9c2e,78047,0xbc2d6E7c81E7f35473b3594031FCC4c519fD24Ad,1,0x830a6393d714670f53df3e5ba14ca5f92978bbdb,1,600000000000000,87932273,142201,4972998,1743080747,0xc7e2d517dc11fafd5c9d7dc62d44006a8e611134e40c9740d82cb3cc3342da99,NewSale
0x6E59426C652C87060Fc0378e1181a5013B0251fb,78066,0xbc2d6E7c81E7f35473b3594031FCC4c519fD24Ad,1,0x546e6d3fa2a53164b8d9a81cc95808153f294e30,1,150000000000000,88059693,140578,4973008,1743080767,0xa5e0137e842a7a0dd6a0952ce3cf73d098ed00dd4dedabd8b076e993ba7f8aea,NewSale
0xC0DEc165A5d6e6766Fbc35c977f89535899D0411,77659,0xbc2d6E7c81E7f35473b3594031FCC4c519fD24Ad,0,0xf99ead3a5b94cd5deaa32c5b5120027b5f34fcd4,1,249999980000000,88181179,142177,4973017,1743080785,0x0c916f7fdd0c48e833514968c58a768dc90dcdda5368b525f030e68061188144,NewSale
0xBB7FEA355a1CdDa937346D39019F0505F4A2d945,78067,0xbc2d6E7c81E7f35473b3594031FCC4c519fD24Ad,1,0x74f8e9b546ad76544175a029f3cb46f232e7a049,1,210000000000000,87461870,152878,4973032,1743080815,0xc0bc446ead31a83c472fd6dba37b9cb6060e0e9e375e34fdeaf49de66c601dac,NewSale
0x6E59426C652C87060Fc0378e1181a5013B0251fb,78068,0xbc2d6E7c81E7f35473b3594031FCC4c519fD24Ad,1,0x74f8e9b546ad76544175a029f3cb46f232e7a049,1,190000000000000,86483767,135778,4973054,1743080859,0xa14ee3dda0efb6528d2b64417ee477e614aab3bf9af8eddb64e1be332fa3eeba,NewSale
0x5B5aFFD7bB3f7Eb11BE364c468b1aE69c5fdA97e,78069,0xbc2d6E7c81E7f35473b3594031FCC4c519fD24Ad,1,0x946eef93765d2820b5aa0c70822f17bbad9ab392,1,200000000000000,86516366,135778,4973070,1743080891,0x8d39b59b03a2339cf38f92400d7296d36984aff407d4dafd89db2293d6c3e110,NewSale
0x63d8e557eD910d81271E4B7C554178885530AF8b,78072,0xbc2d6E7c81E7f35473b3594031FCC4c519fD24Ad,0,0x8545cb7151f1d26d716e923b5fc517fd12886c7f,1,200000000000000,88330000,157678,4973125,1743081001,0x51b14b158361fd563cd9f23be03ddabd7cc0b32b1b81722ab63062cc73cf35ba,NewSale
0x6E59426C652C87060Fc0378e1181a5013B0251fb,78070,0xdc0F91C5a4D200FfC21658901c77c0fE1A14d199,0,0xd76b4f441b6eaab96b3afcbe37b01b80ab66d818,1,200000000000000,90110342,150171,4973140,1743081031,0x544dce3f57e8b89dbb48cee6f1d2aa83fa26dbb61bbd66c4031fdf239d92e047,NewSale
0x6E59426C652C87060Fc0378e1181a5013B0251fb,78073,0xdc0F91C5a4D200FfC21658901c77c0fE1A14d199,0,0x27dc03766f3c80dd17df12b7686f5063f29feea2,1,200000000000000,91147964,162471,4973154,1743081059,0x1ba2d52b3218874e6709a66147b3f6f7a115bbd0e7bde1dccb1a62cf06ea8155,NewSale
0x5B5aFFD7bB3f7Eb11BE364c468b1aE69c5fdA97e,78062,0xdc0F91C5a4D200FfC21658901c77c0fE1A14d199,0,0x8b86ea43f2a583eec63e7ae5b0c3d215593347c9,1,250000000000000,91546104,162471,4973168,1743081087,0x21b730bdb4dd0382a154e93752d11204280e56896009a0aebb656f94dff9fd82,NewSale
0xE4f4BaEd82d30f2244fE1722aeda37dEF4B38Ddc,77865,0xdc0F91C5a4D200FfC21658901c77c0fE1A14d199,0,0xdccc5245749a49a517a8657f94205ee9891ebf69,1,655000000000000,93740409,167283,4973210,1743081171,0x86a7fc8dd679990418d54d26f2a8855c36f085a9e029c375f9538830cdc0b8ad,NewSale
0xCBd3CE16B0e2B32BDca9650bfcAdBAFE941C5baB,78082,0xbc2d6E7c81E7f35473b3594031FCC4c519fD24Ad,0,0xf81d024c76eb849e4da0543a7780c260e1135ca7,1,1000000000000000000,93930000,180543,4973225,1743081201,0x74f237a7ce0fd6eb36f2672f34f69c3d6e03475e9fa873a3f209f6fa4dd32eba,NewSale
0xe7d059DA6834Da716d2b1114075A2a55202F5B4F,78050,0xdc0F91C5a4D200FfC21658901c77c0fE1A14d199,0,0x830a6393d714670f53df3e5ba14ca5f92978bbdb,1,629000000000000,97007875,150183,4973255,1743081261,0xfffd57d05cc516975448adb220739411b1407fec9b3146147896ef77960e49f4,NewSale
0x546e6d3fa2a53164b8D9a81cC95808153F294E30,78078,0xbc2d6E7c81E7f35473b3594031FCC4c519fD24Ad,1,0x9cc69a8403f509b15b2f094873641969fd32eea9,1,222000000000000,97124701,140578,4973258,1743081267,0x5f2a771161a1966de39d615ebb9481944a4401b0ccc2e779c3e0028818610120,NewSale
0x74F8E9b546Ad76544175a029F3Cb46F232E7A049,78086,0xbc2d6E7c81E7f35473b3594031FCC4c519fD24Ad,1,0x9cc69a8403f509b15b2f094873641969fd32eea9,1,170000000000000,101912134,140578,4973315,1743081381,0x463a799d0a0c03433bab44c4e7f629c1a90a012d9553b4c6d8897247e973a2c0,NewSale
0x9cfDAd32f9127B87FFF03BA323bad8d2251B62bb,78088,0xdc0F91C5a4D200FfC21658901c77c0fE1A14d199,0,0xe4f4baed82d30f2244fe1722aeda37def4b38ddc,1,300000000000000,106525550,145383,4973384,1743081519,0x461d8ef9ed7f91ab6010a9cd472f5224f9caf02e13ee404eeecd888d76c6e948,NewSale
0x9Cc69a8403f509B15b2f094873641969Fd32EeA9,78094,0xbc2d6E7c81E7f35473b3594031FCC4c519fD24Ad,1,0x546e6d3fa2a53164b8d9a81cc95808153f294e30,1,222900000000000,110341516,140578,4973571,1743081893,0x36a018ee3dbaa7340e3a694961aed1f8f7f6aaf64ff003577b2b24f8ea2d09a5,NewSale
0xcCcE1a6E4730A31ab7e6e81c4634F562218373df,78089,0xbc2d6E7c81E7f35473b3594031FCC4c519fD24Ad,0,0x9cfdad32f9127b87fff03ba323bad8d2251b62bb,1,210000000000000,115294409,140578,4973576,1743081903,0x6df2724fbb3dbe145bbe9a1067153e2db1a74d7860c1a7eb924a4ca14f9c2b56,NewSale
0x80fe121B69163E17bd4e9CC573652e29E48fa4ae,77634,0xbc2d6E7c81E7f35473b3594031FCC4c519fD24Ad,0,0x6a3a68e06dd2f31f555175a9a35e75da27941451,1,19500000000000000000,115223376,160266,4973580,1743081911,0xa0f08943a545dc2d6c13f1b548585ef590103e82a941703a649cb5a79fbe8802,NewSale
0xcCcE1a6E4730A31ab7e6e81c4634F562218373df,78090,0xbc2d6E7c81E7f35473b3594031FCC4c519fD24Ad,0,0x9cfdad32f9127b87fff03ba323bad8d2251b62bb,1,210000000000000,114884675,135778,4973591,1743081933,0xf60cef514a95536ea698335605cc54403f4000eb66cd6b4674de19a56372430d,NewSale
0x7A5361423Ec75d740D5E011bb4c9f2088F79E785,78099,0xbc2d6E7c81E7f35473b3594031FCC4c519fD24Ad,0,0x9cfdad32f9127b87fff03ba323bad8d2251b62bb,1,220000000000000,114677844,140578,4973608,1743081967,0x47fe0c39bc8556304bdc70fd02c656dc72b078ac7a0b4f86a22561231bbcddc7,NewSale
0x7A5361423Ec75d740D5E011bb4c9f2088F79E785,78100,0xbc2d6E7c81E7f35473b3594031FCC4c519fD24Ad,0,0x9cfdad32f9127b87fff03ba323bad8d2251b62bb,1,220000000000000,114047704,140578,4973622,1743081995,0x3a47c0a8a32e03faa9504c9a650cf0130cd43023d2372040a9ede6a2392817a9,NewSale
0x9cfDAd32f9127B87FFF03BA323bad8d2251B62bb,78091,0xEB255E4669Da7FeEf1F746a5a778b4e08b65a1A7,0,0x7abb334fd82456f77216da59271e6c462cb7c5e4,1,300000000000000,113540000,145383,4973666,1743082083,0xecd33a9fe80d207bb1a94c0254f8f443883ee5a0033a8808fb3e1474ff9038e7,NewSale
0x80fe121B69163E17bd4e9CC573652e29E48fa4ae,77634,0xbc2d6E7c81E7f35473b3594031FCC4c519fD24Ad,0,0x6a3a68e06dd2f31f555175a9a35e75da27941451,1,19500000000000000000,114021234,160266,4973675,1743082101,0x106448d86c53afaa45972ce834deaf79bac5d9f4c5f8f94666818584fa85c910,NewSale
0x4Be5620c3b2C80749da5304b031bF9501b12c4d7,78111,0xbc2d6E7c81E7f35473b3594031FCC4c519fD24Ad,0,0x4bf3b0060cc3f16d6542dec2bcf7a061454a1b45,1,220000000000000,113590000,157678,4973697,1743082145,0xa1e5469e95d0e19faf90c924b06e2a3fe56a3a7b678351b03ffcd4772e5f9d4b,NewSale
0x7A5361423Ec75d740D5E011bb4c9f2088F79E785,78105,0xbc2d6E7c81E7f35473b3594031FCC4c519fD24Ad,1,0xeedae3345d74203491a61fd25df2f2e12c8051f2,1,220000000000000,109228778,157678,4973711,1743082173,0x7fa3e2893b49b15d2f7802f46e60a8b172a2bb2d89506a927dde6a0b46fdb4b4,NewSale
0x7A5361423Ec75d740D5E011bb4c9f2088F79E785,78104,0xbc2d6E7c81E7f35473b3594031FCC4c519fD24Ad,0,0x9cfdad32f9127b87fff03ba323bad8d2251b62bb,1,220000000000000,216994291,135778,4973740,1743082231,0xc805fae88db895a9b9f7473c03ac6f9c5ef451603f653c440d1be08c3ef18650,NewSale
0x63d8e557eD910d81271E4B7C554178885530AF8b,78074,0xbc2d6E7c81E7f35473b3594031FCC4c519fD24Ad,0,0x7eadf5686d3f0a9ce650e45c9e734db19c36cc94,1,400000000000000,217138141,159289,4973743,1743082237,0x9f8894c5700d9b80264c74e27dd9136bb77e053685c6c1ba994124831f8aeb30,NewSale
0xCBd3CE16B0e2B32BDca9650bfcAdBAFE941C5baB,78118,0xbc2d6E7c81E7f35473b3594031FCC4c519fD24Ad,0,0xa499490597d9b9a5fa2e478b5b9c07c83e97a199,1,1000000000000000000,131460000,180543,4973792,1743082335,0xaf1f14c56b716a27e91b1c40f02087a9a094fc7b799829055dff35cc580aad4f,NewSale
0x9cfDAd32f9127B87FFF03BA323bad8d2251B62bb,78092,0x7e5F161dd824d98AC3474eBf550716d0cb83E8C6,1,0x7eadf5686d3f0a9ce650e45c9e734db19c36cc94,1,200000000000000,221486616,162471,4973822,1743082395,0xe40183e2e0b59c6c279de0a0ffedaedc696f82c81084cf18a7c0608508098af0,NewSale
0x6B096c7B6B245306d18Be6e40Cbb8bacd66e689c,78116,0xbc2d6E7c81E7f35473b3594031FCC4c519fD24Ad,1,0xc526fb73c639aaf21aa9aafe7ac5249c249e2730,1,200000000000000,132040000,157678,4973822,1743082395,0x999b490e69a1aafa58aa3d05a1725c2d7eeb9296e0ef14959fb17ecfb2a42c07,NewSale
0x9Cc69a8403f509B15b2f094873641969Fd32EeA9,78113,0xbc2d6E7c81E7f35473b3594031FCC4c519fD24Ad,1,0xc526fb73c639aaf21aa9aafe7ac5249c249e2730,1,222900000000000,133870000,140578,4973832,1743082415,0xa476a5b735ea70e9a0c97dc8ee6cb5cf3e1a641e8c5b47e6a46b26d075286618,NewSale
0x4Be5620c3b2C80749da5304b031bF9501b12c4d7,78112,0xbc2d6E7c81E7f35473b3594031FCC4c519fD24Ad,0,0xc526fb73c639aaf21aa9aafe7ac5249c249e2730,1,260000000000000,135700000,140578,4973842,1743082435,0xaa6ace1034e4881d23aa949ce3c184414ad7f1065776e851ba3f4e9fe261965e,NewSale
0xFB3E09efe6A8f217Ecd5A56a7181FaEAFeA4b0ba,74130,0xEB255E4669Da7FeEf1F746a5a778b4e08b65a1A7,0,0x7abb334fd82456f77216da59271e6c462cb7c5e4,1,500000000000000,135700000,145383,4973847,1743082445,0xb7f30e0ef9758102b8e83ac36618287bddcf0953ba37b32968fc095adf049b9f,NewSale
0x7A5361423Ec75d740D5E011bb4c9f2088F79E785,78109,0xbc2d6E7c81E7f35473b3594031FCC4c519fD24Ad,1,0xc526fb73c639aaf21aa9aafe7ac5249c249e2730,1,220000000000000,136700000,140578,4973855,1743082461,0x9127bd007ca5a92b41f7fe1d80063fe19e5ac84a320b178230b46012b1f8d915,NewSale
0x546e6d3fa2a53164b8D9a81cC95808153F294E30,78115,0xbc2d6E7c81E7f35473b3594031FCC4c519fD24Ad,1,0x9cc69a8403f509b15b2f094873641969fd32eea9,1,244500000000000,223389624,140578,4973856,1743082463,0x0b1afc37a268585b7e22074d3c8cb5b53e5bcd8e544e7c3dbb1b20fa7a715226,NewSale
0xa499490597d9B9A5FA2E478b5b9C07C83e97A199,78120,0xbc2d6E7c81E7f35473b3594031FCC4c519fD24Ad,0,0x9cc69a8403f509b15b2f094873641969fd32eea9,1,198000000000000,225430770,152878,4973886,1743082523,0x1834a46483355b76a42b64e87858a016b3c446f62f56df9c2e6a8ec922b35d82,NewSale
0x9cfDAd32f9127B87FFF03BA323bad8d2251B62bb,78096,0x4489A334E66076933e76337E3eC7376BA84f0864,0,0xc526fb73c639aaf21aa9aafe7ac5249c249e2730,1,200000000000000,128370000,162471,4973903,1743082557,0xccafed79967f4a7a06b42e7346bc56f3841b9a546c7822431f8dfdce8e65fe07,NewSale
0x2aC59b7AF734834c30C61F703eBc9dC337dC1CBD,73829,0xEB255E4669Da7FeEf1F746a5a778b4e08b65a1A7,0,0x7abb334fd82456f77216da59271e6c462cb7c5e4,1,500000000000000,131050000,145383,4973910,1743082571,0x5e4557ae6fbffcef42f2a5f88d383abf8a229b515dbe740944d097eddc03f7ed,NewSale
0x9cfDAd32f9127B87FFF03BA323bad8d2251B62bb,78097,0x26eA0a7Bd0e3feBc7Cd919Ab46e17b47cb01Cc04,198,0xc526fb73c639aaf21aa9aafe7ac5249c249e2730,1,200000000000000,131600000,172000,4973915,1743082581,0x56297eb3e7df900996b146d69fb3059547e076f7d7184d4a7df4d6ed6d08fb35,NewSale
0x4Be5620c3b2C80749da5304b031bF9501b12c4d7,78107,0xbc2d6E7c81E7f35473b3594031FCC4c519fD24Ad,1,0x2d22dac8680a8ee3d97d2cbc648f3fb3274a48d1,1,220000000000000,119379837,140578,4973916,1743082583,0x7a825f44d58894ad3aef6d0cc501a74a1c18aa6fdb6ceb9b430352f686a7e9b5,NewSale
0x7e8Ed65FA3638d95dAA4aEC0d55F274BD566D5fa,76899,0xEB255E4669Da7FeEf1F746a5a778b4e08b65a1A7,0,0x7abb334fd82456f77216da59271e6c462cb7c5e4,1,490000000000000,131340000,145383,4973967,1743082685,0xe620512512d31853d504daa4b8658ff2de3431b3a13371454c4ecb08c7de0523,NewSale
0xeb418E53EFcDc351137C9A81c70967b8D7063f4C,78077,0x7e5F161dd824d98AC3474eBf550716d0cb83E8C6,2,0x7eadf5686d3f0a9ce650e45c9e734db19c36cc94,1,30000000000000000000,131425152,186930,4974007,1743082765,0x2e11f91ff7ee822d8520957385426be08f6982a6d6f721a543c65d648cbc357e,NewSale
0x8a89e9075dC6FBF51716d2B466C8e15a8F441DE1,73956,0xEB255E4669Da7FeEf1F746a5a778b4e08b65a1A7,0,0x7abb334fd82456f77216da59271e6c462cb7c5e4,1,500000000000000,127730000,145383,4974023,1743082797,0x4525fc63db42a30323e19f890971463271a6562c49756294671241205a8af3aa,NewSale
0xCBd3CE16B0e2B32BDca9650bfcAdBAFE941C5baB,78132,0xbc2d6E7c81E7f35473b3594031FCC4c519fD24Ad,0,0xf81d024c76eb849e4da0543a7780c260e1135ca7,1,1000000000000000000,115440000,163443,4974124,1743082999,0x1fcb88e859582b8414613f9a61dce7e0f855f81e99127c943ab4f087b25c3108,NewSale
0x57B5bBEaB4F280db3264f53ce0Eb204B0De9c776,78125,0xbc2d6E7c81E7f35473b3594031FCC4c519fD24Ad,1,0xf645f366da5ac2cfcfaceb1cd95b903df7c67fc8,1,249900000000000,111152339,152878,4974149,1743083049,0xec62ac56d599baef6159469942b42b27d1fdd61e1cf3ad6d293b9450cbeafd69,NewSale
0x9Cc69a8403f509B15b2f094873641969Fd32EeA9,78126,0xbc2d6E7c81E7f35473b3594031FCC4c519fD24Ad,1,0x546e6d3fa2a53164b8d9a81cc95808153f294e30,1,222900000000000,111152339,140578,4974149,1743083049,0x9788753081ae3e80bc46795bb14e8ed64d3da00b73782b350b4522f2a518106d,NewSale
0xCBd3CE16B0e2B32BDca9650bfcAdBAFE941C5baB,78135,0xbc2d6E7c81E7f35473b3594031FCC4c519fD24Ad,0,0xf81d024c76eb849e4da0543a7780c260e1135ca7,1,1000000000000000000,111460000,158643,4974156,1743083063,0x0321ad271cd189799d6cbc04ce75103fa2c40d00d3aa7156e80a59eec88ef06b,NewSale
0xeF0Ef28b882d166B732d00A01Ea762B9CCd3FE44,78009,0xbc2d6E7c81E7f35473b3594031FCC4c519fD24Ad,1,0xa617cfc83a34cf653d6c248b4d57ff9d2a3fc999,1,229000000000000,106050000,159289,4974185,1743083121,0x05d476f9b238b5571bc294fedd549069046c4d22b083d622697c1e2982e71b16,NewSale
0x946eeF93765D2820b5aA0c70822f17BBAd9ab392,78130,0xbc2d6E7c81E7f35473b3594031FCC4c519fD24Ad,1,0xdad826ac581f05ee13f5d0cb10c6b938d29e7d75,1,200000000000000,105095015,157678,4974228,1743083207,0x42e46555009eae7b6255366fb39cc097de17a515e1c5071da14679edb84c9a50,NewSale
0xf81d024c76eb849e4Da0543A7780C260e1135ca7,78145,0xbc2d6E7c81E7f35473b3594031FCC4c519fD24Ad,0,0xcbd3ce16b0e2b32bdca9650bfcadbafe941c5bab,1,1000000000000000000,120250000,180543,4974230,1743083211,0xde29b1c51d1a8bce2f35dde42eca6702a3af0bb3a5025738cfe812392c4745c5,NewSale
0x946eeF93765D2820b5aA0c70822f17BBAd9ab392,78140,0xbc2d6E7c81E7f35473b3594031FCC4c519fD24Ad,0,0xdad826ac581f05ee13f5d0cb10c6b938d29e7d75,1,210000000000000,104212191,157678,4974249,1743083249,0x428bf55607d4d970375ff61c9bdc42c89e6992548b103e996b9e03a7c966fd5d,NewSale
0xf81d024c76eb849e4Da0543A7780C260e1135ca7,78149,0xbc2d6E7c81E7f35473b3594031FCC4c519fD24Ad,0,0xcbd3ce16b0e2b32bdca9650bfcadbafe941c5bab,1,1000000000000000000,120250000,163443,4974257,1743083265,0xdbd460f95132d8e2c7afe992d88b451be4e67b8ea551484b1004b3b16e440fb2,NewSale
0x74F8E9b546Ad76544175a029F3Cb46F232E7A049,78147,0xbc2d6E7c81E7f35473b3594031FCC4c519fD24Ad,0,0xdad826ac581f05ee13f5d0cb10c6b938d29e7d75,1,160000000000000,104025155,140566,4974272,1743083295,0xd4a913c853b0e4dec26f09d16f41ba65f33f84abf7383d06d316ea96d0da48ca,NewSale
0x74F8E9b546Ad76544175a029F3Cb46F232E7A049,78152,0xbc2d6E7c81E7f35473b3594031FCC4c519fD24Ad,0,0xdad826ac581f05ee13f5d0cb10c6b938d29e7d75,1,170000000000000,103923841,135778,4974283,1743083317,0xb73620487830cf9ab3462ffe64f0232b2808b390a467e17332733de7c8976215,NewSale
0xf81d024c76eb849e4Da0543A7780C260e1135ca7,78153,0xbc2d6E7c81E7f35473b3594031FCC4c519fD24Ad,0,0xcbd3ce16b0e2b32bdca9650bfcadbafe941c5bab,1,1000000000000000000,124750000,153843,4974286,1743083323,0x4ea9de391bce791d4e9bb4c116d14dfb2aa4ab3e660a9d6a20dc9e559ad069fc,NewSale
0x0DDDAb17d0eE1416A757758Fe4dcE96EE8Df211c,78093,0xdc0F91C5a4D200FfC21658901c77c0fE1A14d199,0,0xa75fc2cbe4c8a68276853c274e700561f05a78ae,1,560000000000000,207285662,162471,4974290,1743083331,0x8601b6c453cddcc67b596d7276cd615d64643e143b7ad7d47b34fd4b963e9621,NewSale
0xF645F366da5aC2CFCfacEb1cd95B903DF7c67fc8,78154,0xbc2d6E7c81E7f35473b3594031FCC4c519fD24Ad,1,0xdad826ac581f05ee13f5d0cb10c6b938d29e7d75,1,150000000000000,104579990,135778,4974295,1743083341,0x3d1572b7748176b72b3b1477e6c067d142da78c00e4953b80eb9910772588799,NewSale
0x946eeF93765D2820b5aA0c70822f17BBAd9ab392,78155,0xbc2d6E7c81E7f35473b3594031FCC4c519fD24Ad,0,0xdad826ac581f05ee13f5d0cb10c6b938d29e7d75,1,210000000000000,104917670,140578,4974308,1743083367,0x3c6ad21d6324995c26f7328814b25d5250c5d5be83f95423e756980865523928,NewSale
0x7A5361423Ec75d740D5E011bb4c9f2088F79E785,78106,0xbc2d6E7c81E7f35473b3594031FCC4c519fD24Ad,1,0xdad826ac581f05ee13f5d0cb10c6b938d29e7d75,1,220000000000000,105750446,135778,4974326,1743083403,0x46c685d26ff1ecfe408ac5a29d36fa7a98ee8eb0ac6fa2f00671ac26dde52e78,NewSale
0x946eeF93765D2820b5aA0c70822f17BBAd9ab392,78143,0xbc2d6E7c81E7f35473b3594031FCC4c519fD24Ad,0,0xc43b9197ef0fef886f85e7928637171194e5f046,1,220000000000000,106399072,140578,4974336,1743083423,0x81336d26fab177138b1b33bf733b273f2131fefed7002581828ccd9bb94155ab,NewSale
0x546e6d3fa2a53164b8D9a81cC95808153F294E30,78150,0xbc2d6E7c81E7f35473b3594031FCC4c519fD24Ad,1,0xa052f16182120bffb6866c6a2594555b1a14fa1c,1,244500000000000,125160000,140578,4974337,1743083425,0x4f9a5f3f0cb072f69bc016c4df1a498d189f96f5d705792f8c9a3abd2884192a,NewSale
0xeF0Ef28b882d166B732d00A01Ea762B9CCd3FE44,78009,0xbc2d6E7c81E7f35473b3594031FCC4c519fD24Ad,1,0xdad826ac581f05ee13f5d0cb10c6b938d29e7d75,1,229000000000000,106623722,135778,4974350,1743083451,0x20c1d37b610a4603e646e20872fcf864ca36631ba7db9feb0b808ec864df44ea,NewSale
0xAD738b03B6810cdAeC2D9193225CcF997Aff9A40,77948,0xbc2d6E7c81E7f35473b3594031FCC4c519fD24Ad,1,0xdad826ac581f05ee13f5d0cb10c6b938d29e7d75,1,249900000000000,106803865,135778,4974365,1743083481,0xe06baefdc6018dbadf2df773316bb285ce50a2e68054a639dc274845e1a96ddb,NewSale
0x8d54942a72a3C13E116B580F9e6E090277c0A4A9,77968,0xbc2d6E7c81E7f35473b3594031FCC4c519fD24Ad,1,0xdad826ac581f05ee13f5d0cb10c6b938d29e7d75,1,249900000000000,107036266,135778,4974374,1743083499,0x240c50bc1aa6c7af1280f838daa98db25484184ea366b415d35284e47a86d692,NewSale
0x4Be5620c3b2C80749da5304b031bF9501b12c4d7,78102,0xbc2d6E7c81E7f35473b3594031FCC4c519fD24Ad,1,0x509085d38795f56e10295b2d9c99b1302cfd920e,1,350000000000000,209724811,152890,4974382,1743083515,0x53a66888d7e2330c61ad458d96660ce4867fb6bdceb60cdfafc5211dad67d3df,NewSale
0x7A1452e67f4e8d968ED233F58dc7453551461f85,77979,0xbc2d6E7c81E7f35473b3594031FCC4c519fD24Ad,1,0xa617cfc83a34cf653d6c248b4d57ff9d2a3fc999,1,249900000000000,107240000,135778,4974397,1743083545,0x229e1044e375908e6ce4adcb288d996eee7ebe4a37e30918284c84cfbc2aa644,NewSale
0xa75fc2cbE4c8a68276853C274e700561f05a78ae,78136,0xbc2d6E7c81E7f35473b3594031FCC4c519fD24Ad,0,0xa052f16182120bffb6866c6a2594555b1a14fa1c,1,460000000000000,128240000,142201,4974415,1743083581,0x9a377211781520509450d1a7fe5aabec4a6471542930059884f54e7985a15080,NewSale
0xC0DEc165A5d6e6766Fbc35c977f89535899D0411,77663,0xbc2d6E7c81E7f35473b3594031FCC4c519fD24Ad,0,0xa617cfc83a34cf653d6c248b4d57ff9d2a3fc999,1,249999950000000,106780000,142201,4974420,1743083591,0x1749aa6d4e57998205a51b890df6e95dc69739fb4f26c6c66e37e5acbcbffd07,NewSale
0x74F8E9b546Ad76544175a029F3Cb46F232E7A049,78159,0xbc2d6E7c81E7f35473b3594031FCC4c519fD24Ad,1,0xa617cfc83a34cf653d6c248b4d57ff9d2a3fc999,1,170000000000000,106270000,135778,4974433,1743083617,0xc64ae9fe43fb17c87ee1707f2d874b323b219984d4b68a3aa968c59702c42558,NewSale
0x946eeF93765D2820b5aA0c70822f17BBAd9ab392,78158,0xbc2d6E7c81E7f35473b3594031FCC4c519fD24Ad,0,0xa617cfc83a34cf653d6c248b4d57ff9d2a3fc999,1,219000000000000,106200000,140578,4974449,1743083649,0xaa9b7ec4bf5a9c72c568605ae6e6a1399264325fb4ab36389f4ebe7337e5346c,NewSale
0xC0DEc165A5d6e6766Fbc35c977f89535899D0411,74777,0xbc2d6E7c81E7f35473b3594031FCC4c519fD24Ad,0,0x509085d38795f56e10295b2d9c99b1302cfd920e,1,259999990000000,210928240,142201,4974455,1743083661,0x52fd8c509307ea5f024ff54450d4f07aa8bcf404224ca3149ef10faa5ba80a23,NewSale
0x9Cc69a8403f509B15b2f094873641969Fd32EeA9,78161,0xbc2d6E7c81E7f35473b3594031FCC4c519fD24Ad,1,0xa617cfc83a34cf653d6c248b4d57ff9d2a3fc999,1,222900000000000,106220000,135778,4974470,1743083691,0x0ad51803ddccae61754d9f60e1a1b6f352ede3e7ec125f08b7380b2faada38ac,NewSale
0x546e6d3fa2a53164b8D9a81cC95808153F294E30,78165,0xbc2d6E7c81E7f35473b3594031FCC4c519fD24Ad,1,0xa617cfc83a34cf653d6c248b4d57ff9d2a3fc999,1,222900000000000,107660000,135778,4974488,1743083727,0x84a076c7c738f1ce1de67ee3cc2a8c1e52c0376ddc86e1e6effeb1d8b80ac5a3,NewSale
0xC0F92d4b839d97C4a4A212AE299d4b737ae9A32d,78128,0xbc2d6E7c81E7f35473b3594031FCC4c519fD24Ad,1,0xa052f16182120bffb6866c6a2594555b1a14fa1c,1,249900000000000,127940000,135778,4974491,1743083733,0x676ed72c009355dcd75f646c559f82419cabf258712b6787c27be7179c7b829c,NewSale
0x946eeF93765D2820b5aA0c70822f17BBAd9ab392,78166,0xbc2d6E7c81E7f35473b3594031FCC4c519fD24Ad,0,0xa617cfc83a34cf653d6c248b4d57ff9d2a3fc999,1,210000000000000,107860000,140578,4974508,1743083767,0xbb64937696653f4877834790e25bf3f156f261be56e9a39cb26714d58ff35ad2,NewSale
0xe7d059DA6834Da716d2b1114075A2a55202F5B4F,78059,0xdc0F91C5a4D200FfC21658901c77c0fE1A14d199,0,0x2511b400b96a01d992a438681fdec776148cb346,1,1600000,129260000,203644,4974520,1743083791,0xf097f6d7a2e1129a4a7f63e6dd07e945165dea0f8d2f121dd9948f5d8e798997,NewSale
0x632b00b4A6aC89501cC4D248C4Fe30C397BE9212,78156,0xbc2d6E7c81E7f35473b3594031FCC4c519fD24Ad,1,0xa617cfc83a34cf653d6c248b4d57ff9d2a3fc999,1,249900000000000,108490000,135778,4974529,1743083809,0x5e2bd8448159ae1550fea11db7f0fef43ca268be8201e99c06ab666c5a5ab50f,NewSale
0x6026eEBD17999004a0C2061dCEb029e9D3a95d91,78163,0xbc2d6E7c81E7f35473b3594031FCC4c519fD24Ad,1,0xf645f366da5ac2cfcfaceb1cd95b903df7c67fc8,1,249900000000000,108322008,152878,4974554,1743083859,0x05b0df7ead56635047582a29db888d6d5ecb5e15ff776aeb63361e5582e6a2ef,NewSale
0x946eeF93765D2820b5aA0c70822f17BBAd9ab392,78168,0xbc2d6E7c81E7f35473b3594031FCC4c519fD24Ad,0,0x74f8e9b546ad76544175a029f3cb46f232e7a049,1,220000000000000,107522010,152878,4974583,1743083917,0x5640bfa9f74eade487397200582fad9941f7dfb59a6d05bff39d036acc2efe68,NewSale
0x6A3A68e06Dd2F31F555175a9a35E75DA27941451,78129,0xbc2d6E7c81E7f35473b3594031FCC4c519fD24Ad,0,0xa052f16182120bffb6866c6a2594555b1a14fa1c,1,19500000000000000000,124870000,163455,4974607,1743083965,0xc4b72533fb05615fe2e04e248a13423b97a3561527519c61d3e1d0bd6b3c7ef4,NewSale
0x6A3A68e06Dd2F31F555175a9a35E75DA27941451,78148,0xbc2d6E7c81E7f35473b3594031FCC4c519fD24Ad,0,0xa052f16182120bffb6866c6a2594555b1a14fa1c,1,19500000000000000000,106700000,163455,4974675,1743084101,0x60f128b584ab5597fc706f9a8656aaa9e22a10f0af0467f9267d8202d6ae014f,NewSale
0xa75fc2cbE4c8a68276853C274e700561f05a78ae,78170,0xdc0F91C5a4D200FfC21658901c77c0fE1A14d199,0,0xc43b9197ef0fef886f85e7928637171194e5f046,1,530000000000000,101807842,162483,4974693,1743084137,0x2af997db49b0108ed80c4f5954b2e7afaa9d941c43bb99e0b2ceef9ee3ff02a8,NewSale
0xa75fc2cbE4c8a68276853C274e700561f05a78ae,78136,0xbc2d6E7c81E7f35473b3594031FCC4c519fD24Ad,0,0xf645f366da5ac2cfcfaceb1cd95b903df7c67fc8,1,460000000000000,100956789,135790,4974703,1743084157,0xadae05f6fc5d7aa97368839276ee440a043923c7a1f812fe93d30f40c381ca51,NewSale
0xC45A3eB90B52835BCb04e4214a04FeB8893A5c75,78179,0xbc2d6E7c81E7f35473b3594031FCC4c519fD24Ad,1,0x64f7c019021ac74a68d90d08491ca43b2a632e71,1,6510000000000000,100297772,172043,4974714,1743084179,0xddd2ecc4c3a0adefac8c18dc98b37c66f85427d809423325aeead5be361543d6,NewSale
0x6A3A68e06Dd2F31F555175a9a35E75DA27941451,78141,0xbc2d6E7c81E7f35473b3594031FCC4c519fD24Ad,0,0xa052f16182120bffb6866c6a2594555b1a14fa1c,1,19500000000000000000,100350000,163455,4974729,1743084209,0xdaaefa4870280906a9ca7f7766678584d1003ff334ae7ebbe48ca324962ab60d,NewSale
0x6B096c7B6B245306d18Be6e40Cbb8bacd66e689c,78178,0xbc2d6E7c81E7f35473b3594031FCC4c519fD24Ad,1,0x80fe121b69163e17bd4e9cc573652e29e48fa4ae,1,180000000000000,95384055,140578,4974812,1743084375,0x471e665ab9a51bf930c31ab91d218b3639217b1a7ce0fe50dc6815cbcc8e1421,NewSale
0xE8CDCf9d677Ce71deb140204E7F35bF29CA04073,78191,0xbc2d6E7c81E7f35473b3594031FCC4c519fD24Ad,1,0x64f7c019021ac74a68d90d08491ca43b2a632e71,1,130000000000000,95826778,172031,4974813,1743084377,0xb6884e48afa49e1a762bd25a50a19299336b0c36b74351a8ad0060e460c2b00c,NewSale
0x6A3A68e06Dd2F31F555175a9a35E75DA27941451,78138,0xbc2d6E7c81E7f35473b3594031FCC4c519fD24Ad,0,0xa052f16182120bffb6866c6a2594555b1a14fa1c,1,19500000000000000000,96550000,163455,4974817,1743084385,0xb41ebabd03dba9fcb2d1b6b5b04f01b1e7dabbf87a61f28a4673d1e0adbcb51d,NewSale
0x74F8E9b546Ad76544175a029F3Cb46F232E7A049,78190,0xbc2d6E7c81E7f35473b3594031FCC4c519fD24Ad,0,0x80fe121b69163e17bd4e9cc573652e29e48fa4ae,1,190000000000000,95114626,135778,4974833,1743084417,0x856abc4923f29069f780fda781934ed0ed6bb2b5484178fd06c6535ba9721004,NewSale
0x6A3A68e06Dd2F31F555175a9a35E75DA27941451,78133,0xbc2d6E7c81E7f35473b3594031FCC4c519fD24Ad,0,0xa052f16182120bffb6866c6a2594555b1a14fa1c,1,19500000000000000000,95400000,153855,4974850,1743084451,0xd161a15b1015ae92c0f73ff9ca977b3f69aed7fe5e25d5a84942bc90962d30d5,NewSale
0xC43B9197eF0feF886F85E7928637171194E5f046,78192,0xbc2d6E7c81E7f35473b3594031FCC4c519fD24Ad,0,0x2d4b5b5c8d1980d3f5e5f858f6163ed8b1c5dfaa,1,150000000000000,95673813,140578,4974886,1743084523,0x24144f90a506e7187e3b099a8345af8dcc31db498746e0e6b5d6ca3cffc03027,NewSale
0x946eeF93765D2820b5aA0c70822f17BBAd9ab392,78171,0xbc2d6E7c81E7f35473b3594031FCC4c519fD24Ad,1,0x6296a491c9356b13a392a892c0ed44a6b39fe7cb,1,230000000000000,96000000,140578,4974901,1743084553,0x111824705d96d290c3f810d8eaac35d31c72c4bb984712e515d4fb12c1b8b8dc,NewSale
0xFA7389f6938B693d8fF89e86ee32d2E2DcEb83DC,78196,0xbc2d6E7c81E7f35473b3594031FCC4c519fD24Ad,1,0x64f7c019021ac74a68d90d08491ca43b2a632e71,1,1520000000000000,96443739,172031,4974903,1743084557,0x99f9a6c831c66781c4662d07869d5071c07568c79ca43d2e1cf6cf3c38f72060,NewSale
0x946eeF93765D2820b5aA0c70822f17BBAd9ab392,78177,0xbc2d6E7c81E7f35473b3594031FCC4c519fD24Ad,1,0x2d4b5b5c8d1980d3f5e5f858f6163ed8b1c5dfaa,1,235000000000000,96436491,157678,4974906,1743084563,0x673ad2fb74fa568d540e2487913ab3434f72a3abbbcfff4a25483975f7f1501f,NewSale
0x541121f6E345447eF37930832B5Ef0E83535A07b,78167,0xbc2d6E7c81E7f35473b3594031FCC4c519fD24Ad,1,0x6296a491c9356b13a392a892c0ed44a6b39fe7cb,1,249900000000000,115410000,135778,4974943,1743084637,0x0bce743cf49db28dee14365633105574d48ecaad9657db3dc39d5ac69117afaf,NewSale
0x6C277BE9488dEDe4894460a37281101DbB4aFaB3,78186,0xbc2d6E7c81E7f35473b3594031FCC4c519fD24Ad,1,0x6e718c7b3f893d5349799c31fd21065205ef9e73,1,249900000000000,97366298,152878,4974955,1743084661,0xd1694271e564774f625df77c90fb7206387ddc41fddfbb9700edfa4b7b166eef,NewSale
0x946eeF93765D2820b5aA0c70822f17BBAd9ab392,78193,0xbc2d6E7c81E7f35473b3594031FCC4c519fD24Ad,1,0x1dd047085a6d4bb5d752872d1f0174b0fd0edba0,1,239000000000000,97690388,157678,4974961,1743084673,0x320802608162195321213a3ba9deefc564bf3b3e5e8dd3340b05396f77c2db69,NewSale
0x946eeF93765D2820b5aA0c70822f17BBAd9ab392,78183,0xbc2d6E7c81E7f35473b3594031FCC4c519fD24Ad,1,0xa75fc2cbe4c8a68276853c274e700561f05a78ae,1,239000000000000,192014469,152878,4974968,1743084687,0xcab62d7b883226af3e3c2f92c3c34141697d0924b57aa0d1a88543d7dd4029f1,NewSale
0xC0DEc165A5d6e6766Fbc35c977f89535899D0411,77663,0xbc2d6E7c81E7f35473b3594031FCC4c519fD24Ad,0,0x1fec150537c32ed7771a75b734a2a05c8698c93f,1,249999950000000,97665815,142201,4974976,1743084703,0x22b91e6ebd183f22a759185c769a4b60d5bfa2c2570c0d852a05832c17ce9443,NewSale
0x75eAa15474fc3A9F8B96f2a9c2dF9a5453Ebae43,78169,0xbc2d6E7c81E7f35473b3594031FCC4c519fD24Ad,1,0x1dd047085a6d4bb5d752872d1f0174b0fd0edba0,1,249900000000000,98812657,135778,4974989,1743084729,0x78068909db4b633faa051b83f9379aee7a464adcd565611fd9cfb061436131cf,NewSale
0x02563D9037792271CA2e27816E069851D6E05A3f,78206,0xbc2d6E7c81E7f35473b3594031FCC4c519fD24Ad,1,0x64f7c019021ac74a68d90d08491ca43b2a632e71,1,1230000000000000,193764367,172043,4975000,1743084751,0x96facb84a471da915a9deec150ce99c5d5281f74d8cee3f8edf6da65eda8fe31,NewSale
0xffcFcf5c29201a43D0Aec8D17c007B777a3D30A0,78200,0xbc2d6E7c81E7f35473b3594031FCC4c519fD24Ad,1,0x6296a491c9356b13a392a892c0ed44a6b39fe7cb,1,249900000000000,117050000,135778,4975000,1743084751,0x07372dc99cb552b2ee8e882ccecef799437c58dfa1742eb0c84f4acfc3d886df,NewSale
0x7bE965F53BeA65732965f516C390672D0b1dFc3a,78194,0xbc2d6E7c81E7f35473b3594031FCC4c519fD24Ad,1,0x2d4b5b5c8d1980d3f5e5f858f6163ed8b1c5dfaa,1,249900000000000,99431191,135778,4975007,1743084765,0xd080cd6679fe58597d6b3d3b09890cca8a4ae8838377c07f04725af5f942863e,NewSale
0x3b7EABC3faCBf6339718215f46Ab44aB4565FBD4,78208,0xbc2d6E7c81E7f35473b3594031FCC4c519fD24Ad,1,0x2d4b5b5c8d1980d3f5e5f858f6163ed8b1c5dfaa,1,249900000000000,100341429,135778,4975021,1743084793,0x138ae6f31c69fb8f73f11685f63632c86359fbbd9f9cf4af2b47f2b01245e4df,NewSale
0xC0DEc165A5d6e6766Fbc35c977f89535899D0411,77663,0xbc2d6E7c81E7f35473b3594031FCC4c519fD24Ad,0,0x2d4b5b5c8d1980d3f5e5f858f6163ed8b1c5dfaa,1,249999950000000,101242480,142201,4975037,1743084825,0x41b8bd2cd75785136e80220c6f64c27485ec9e4ad580d9331a73c25d21e93242,NewSale
0xC0DEc165A5d6e6766Fbc35c977f89535899D0411,77663,0xbc2d6E7c81E7f35473b3594031FCC4c519fD24Ad,0,0x1fec150537c32ed7771a75b734a2a05c8698c93f,1,249999950000000,101855089,142201,4975043,1743084837,0x08bda75101d06f9c8be42aee01aa2e9e3a1235d557f1dfd97217b5fa5479aee9,NewSale
0x1Eb18844ab577B5ad6FF35D1B6412839a4dCdf31,77883,0xbc2d6E7c81E7f35473b3594031FCC4c519fD24Ad,0,0x6296a491c9356b13a392a892c0ed44a6b39fe7cb,1,250000000000000,120330000,140578,4975050,1743084851,0xea81514e0d8a6c37984ddde374df9071e0226d7fed77dffb5842d23c5ec8cefd,NewSale
0xC43B9197eF0feF886F85E7928637171194E5f046,78202,0xdc0F91C5a4D200FfC21658901c77c0fE1A14d199,0,0x64e7d2bacc61608ea349ad37c064930098d35c07,1,400000000000000,102774166,145359,4975056,1743084863,0x69325f5098096864bdb5ec592e602611c528af7578b87df53517b2746433a3e0,NewSale
0xF41Eb05dF93eA2B1a40a1889b4BAfBfeC3910a25,78211,0xbc2d6E7c81E7f35473b3594031FCC4c519fD24Ad,1,0x64f7c019021ac74a68d90d08491ca43b2a632e71,1,510000000000000,103305496,172043,4975070,1743084891,0xcd2c8259d5f5489ab284d689e02d773e839cad4f288029e54ea223f7462c95c1,NewSale
0x32f6F912133D4c36879c79A1415f2e1fb39432Ee,77915,0xbc2d6E7c81E7f35473b3594031FCC4c519fD24Ad,0,0x6296a491c9356b13a392a892c0ed44a6b39fe7cb,1,250000000000000,123330000,140578,4975094,1743084939,0xaa21acfb191df048cdff49749b44eefde1ea05171af015104f696b388c408fbe,NewSale
0x64f7C019021aC74A68D90D08491Ca43b2a632E71,78173,0xbc2d6E7c81E7f35473b3594031FCC4c519fD24Ad,1,0xda72d4b4ca1e5abf0ec5335d0a99039de7d3a107,1,16800000000000000000,100178477,182154,4975148,1743085047,0x4d34fe640bc34c5603e2d7effc5d04b29798a2a57371cf70590b2b7637a9baab,NewSale
0x7043B26950DcD677c29fB20e6f4BBeF7FC13734d,77905,0xbc2d6E7c81E7f35473b3594031FCC4c519fD24Ad,1,0x6296a491c9356b13a392a892c0ed44a6b39fe7cb,1,250000000000000,121470000,135778,4975151,1743085053,0x8ac6dfc2b3a7e16c6bce325da2f7d61c21f3519e44ca09a5f9ab911dc428d860,NewSale
0x9A21A5b70385885DE7B6493173db1a3aa30c3518,78222,0xbc2d6E7c81E7f35473b3594031FCC4c519fD24Ad,1,0x64f7c019021ac74a68d90d08491ca43b2a632e71,1,510000000000000,103719466,172043,4975153,1743085057,0xb495258fc0e84dd1dc1b3d241fe2be29356531ec0c0101223e9c6ed0322fa2e7,NewSale
0xF8f6c35a9A46B0Ef7393bB514c5ed4B039bb41De,78174,0xbc2d6E7c81E7f35473b3594031FCC4c519fD24Ad,1,0x1fec150537c32ed7771a75b734a2a05c8698c93f,1,249900000000000,95503932,152878,4975207,1743085165,0x07fb5987e1038e403d678181a74379a5b8de85a49fd257e1ffe67cc8fea41282,NewSale
0x09d7F12d1642C4cE98A285936FCa60DaF733D7D5,78232,0xbc2d6E7c81E7f35473b3594031FCC4c519fD24Ad,1,0x64f7c019021ac74a68d90d08491ca43b2a632e71,1,520000000000000,93699853,172043,4975250,1743085251,0x92a7e0017b89a09e1c29478910f4cdf34938b1f4020fcd7d350e6cb359e002b7,NewSale
0xC0DEc165A5d6e6766Fbc35c977f89535899D0411,74777,0xbc2d6E7c81E7f35473b3594031FCC4c519fD24Ad,0,0x6296a491c9356b13a392a892c0ed44a6b39fe7cb,1,259999990000000,94470000,142201,4975267,1743085285,0x990208f1e7cff51d71095bfcd0134115177b5fdb72129cb7a27d3f80518f239c,NewSale
0x1FC3F2fe7F6cF8B2EF9aA6842026976c2a943d3D,78241,0xbc2d6E7c81E7f35473b3594031FCC4c519fD24Ad,1,0x64f7c019021ac74a68d90d08491ca43b2a632e71,1,520000000000000,89491034,172043,4975347,1743085445,0x0ebe8fdd9479fd57cf613bca15f6c583bfee20f50485c123b7545017b2575691,NewSale
0xAc8BCb86207f76b86466cA6489050EA11172E448,78228,0xbc2d6E7c81E7f35473b3594031FCC4c519fD24Ad,1,0x419de07e4238b496a4b2a2674e05acce2fdfdd44,1,249900000000000,89757874,152878,4975349,1743085449,0x0a038b3483a9770772b3edb3e07377684db213eb903845363112ab62fcb4cdb9,NewSale
0xA617CfC83A34cF653d6c248b4d57ff9d2A3fc999,78218,0xbc2d6E7c81E7f35473b3594031FCC4c519fD24Ad,1,0x1fec150537c32ed7771a75b734a2a05c8698c93f,1,210000000000000,89973906,140578,4975374,1743085499,0x045c8ee3cf91fb74ab3e45b019ee9cf901525d5a321b56926629c254b9f77aca,NewSale
0xA617CfC83A34cF653d6c248b4d57ff9d2A3fc999,78225,0xbc2d6E7c81E7f35473b3594031FCC4c519fD24Ad,1,0xc0ff18c40c0212333f9d5acfb459ce2ea0763f40,1,210000000000000,89129956,157678,4975397,1743085545,0x1f3585c3d50b4052384d63b22b1d914371f60f67faab9d5c1489654f2479b55d,NewSale
0xA617CfC83A34cF653d6c248b4d57ff9d2A3fc999,78226,0xbc2d6E7c81E7f35473b3594031FCC4c519fD24Ad,0,0xc0ff18c40c0212333f9d5acfb459ce2ea0763f40,1,210000000000000,87575006,157678,4975411,1743085573,0xaceb1c3b806814333a90de6c00c17e3f51f2aff539a8f6ff991836ec3295ccfc,NewSale
0xa75fc2cbE4c8a68276853C274e700561f05a78ae,78216,0xbc2d6E7c81E7f35473b3594031FCC4c519fD24Ad,1,0xd3db41fc7bb9f8bc45a41234ed58fc0019458b0d,1,230000000000000,87574240,135766,4975419,1743085589,0x8d0e53ea43693c2380a68459fdeb870e6495abf8e7cef01eb3e2d3730fef43de,NewSale
0x3a9C4c5Aa3ac09057c3BD06D6eA6eD5a89cf23b8,78253,0xbc2d6E7c81E7f35473b3594031FCC4c519fD24Ad,1,0x64f7c019021ac74a68d90d08491ca43b2a632e71,1,145000000000000,87626063,172031,4975422,1743085595,0x747220c8f9bffaeb6a987df06693b006033babaf428d538465dc56995b81f4fd,NewSale
0x9C28bc5c9770C1fDADC351a58E8dD9ed05d0c182,78180,0xbc2d6E7c81E7f35473b3594031FCC4c519fD24Ad,1,0xc0ff18c40c0212333f9d5acfb459ce2ea0763f40,1,249900000000000,86610024,135778,4975432,1743085615,0x92be16cf426ee184037af900a906811e6bd76b7c36ab00f4e7ba03748821e601,NewSale
0xCBd3CE16B0e2B32BDca9650bfcAdBAFE941C5baB,78256,0xbc2d6E7c81E7f35473b3594031FCC4c519fD24Ad,0,0xf81d024c76eb849e4da0543a7780c260e1135ca7,1,1000000000000000000,87100000,180543,4975439,1743085629,0x7e8c17fd4888d07208929deed02f8a2e38fc1955672fca8ceb64997f578eb760,NewSale
0xcFC4f8852Db4d62B7F7D68Dac82aD38dBD3533F7,78213,0xbc2d6E7c81E7f35473b3594031FCC4c519fD24Ad,1,0xc0ff18c40c0212333f9d5acfb459ce2ea0763f40,1,249900000000000,85277519,135778,4975446,1743085643,0x4636750afbf6d31a87b36b1d7a225d3408ef2182a57584372c7ceeb6e1401837,NewSale
0x1c8664D1DeFb4a23ACdedfC1341E62A5d73Fdfa7,78220,0xbc2d6E7c81E7f35473b3594031FCC4c519fD24Ad,1,0xc0ff18c40c0212333f9d5acfb459ce2ea0763f40,1,249900000000000,84562746,135778,4975459,1743085669,0xc4192944fbab5f3070f1fd2378e026fa0ffe6f317f1d641572749fdf435b6533,NewSale
0xCBd3CE16B0e2B32BDca9650bfcAdBAFE941C5baB,78261,0xbc2d6E7c81E7f35473b3594031FCC4c519fD24Ad,0,0xf81d024c76eb849e4da0543a7780c260e1135ca7,1,1000000000000000000,84520000,163443,4975467,1743085685,0xda299ff5c41ca08ed7b4fed88e44239e221c9366d3467b53b165325c6dc0cf66,NewSale
0xdDe49C96f40B0546c62DEb34214EE176BEB5AF19,78223,0xbc2d6E7c81E7f35473b3594031FCC4c519fD24Ad,1,0xc0ff18c40c0212333f9d5acfb459ce2ea0763f40,1,249900000000000,83596786,135778,4975481,1743085713,0x362fd98c60222f421c9bb99d1926f87b73da7a790a54cd79d141a3ed9d6c0147,NewSale
0x6b10F7AcB243eEc8bd16C8d9175cF76c4d13bD3C,78234,0xbc2d6E7c81E7f35473b3594031FCC4c519fD24Ad,1,0xc0ff18c40c0212333f9d5acfb459ce2ea0763f40,1,249900000000000,82867583,135778,4975493,1743085737,0x03bb609a8e2f0681d648957bbd6156076525ad8dea5f4c05dc1a01c38abc68f6,NewSale
0xC0DEc165A5d6e6766Fbc35c977f89535899D0411,77663,0xbc2d6E7c81E7f35473b3594031FCC4c519fD24Ad,0,0x7fab7299ccca55c585dd9c3a535b371ac5ffcf99,1,249999950000000,82581206,159301,4975496,1743085743,0x51546ad8acd5dd9158fe2686511e04e750e7cbe3a42ebc0ed6e41a8866067cae,NewSale
0xCBd3CE16B0e2B32BDca9650bfcAdBAFE941C5baB,78262,0xbc2d6E7c81E7f35473b3594031FCC4c519fD24Ad,0,0xf81d024c76eb849e4da0543a7780c260e1135ca7,1,1000000000000000000,83070000,158643,4975500,1743085751,0x07440d8daef881aa66e8deb85044d5eeee61b6aee5add62d1356250a0df57678,NewSale
0xF645F366da5aC2CFCfacEb1cd95B903DF7c67fc8,78160,0x897d1cBBeDC44c8371672e8cA72555b5194D6D86,0,0x7e287ca7928a092c549de8565c51acbe7f33a90c,1,200000000000000,163844497,162487,4975506,1743085763,0xae38b275ccc993a4c0991e13f4281c488676e331f349ef543893e85210fad858,NewSale
0x3FCD8bcc945fB6DDE1704503C91f68514cA5E882,78247,0xbc2d6E7c81E7f35473b3594031FCC4c519fD24Ad,1,0xc0ff18c40c0212333f9d5acfb459ce2ea0763f40,1,249900000000000,82186384,135778,4975507,1743085765,0xc52eb79ea5e11123cba5ae662a2e0b94aef2c1bdcbeaca7fd6eb3f53c4e2e516,NewSale
0x8CD2237235eb98d52441e2b3dc96276918910C3c,78076,0xdc0F91C5a4D200FfC21658901c77c0fE1A14d199,0,0xede1d89b9653f8fdf0649ae9e8a487fe9a8ae71f,1,600000000000000,163437305,150183,4975510,1743085771,0xf880f6ffbcdb9d68ac9a007903dea3c04a90f704ae5c7a1580558833387facdf,NewSale
0x904e461Dab156B9B4b888951CA633Eda6D684347,78263,0xbc2d6E7c81E7f35473b3594031FCC4c519fD24Ad,0,0xc0ff18c40c0212333f9d5acfb459ce2ea0763f40,1,248000000000000,80656791,140578,4975525,1743085801,0xa57749a20ff1feb1dedf1337eb9cb8cacf235a9d95bc831bcccfb3151d8cefb7,NewSale
0x904e461Dab156B9B4b888951CA633Eda6D684347,78264,0xbc2d6E7c81E7f35473b3594031FCC4c519fD24Ad,0,0xc0ff18c40c0212333f9d5acfb459ce2ea0763f40,1,248000000000000,79970685,140578,4975537,1743085825,0xea9de769ff219c4863c245767c36c3d8a2b28c93cd61f87aa9dcd53fc836ea3e,NewSale
0x16CEec92f2a8DE406D4deF95cbE53D26FCc8BE6d,78258,0xbc2d6E7c81E7f35473b3594031FCC4c519fD24Ad,1,0x4092acf3ed8471ed969a103780991dcd5479e47b,1,249900000000000,80830000,135778,4975538,1743085827,0x49c7d49bbe8a13edc944ef29e0a2611da16531b9a663db83ae3cd8ea1509137d,NewSale
0xdb13aB52e2db1Ee84708b1c733f3bCCA1885D220,78268,0xbc2d6E7c81E7f35473b3594031FCC4c519fD24Ad,1,0x64f7c019021ac74a68d90d08491ca43b2a632e71,1,420000000000000,80552805,172043,4975546,1743085843,0x45e7d5bb1bedefdfd09cb4d017f3a679bb89ac1142145403e6290ba75a1649a1,NewSale
0x904e461Dab156B9B4b888951CA633Eda6D684347,78265,0xbc2d6E7c81E7f35473b3594031FCC4c519fD24Ad,0,0xc0ff18c40c0212333f9d5acfb459ce2ea0763f40,1,248000000000000,79944563,135778,4975550,1743085851,0x94f819cba35686c58ebf9a359f58b62904a8006e6a50a631d13eeffdaa684377,NewSale
0x5f5944104192242992420c3f1291822b82800714,78224,0xFC000E355ea1dC4A8B8e40B7A09d1fFf82596D7b,0,0x165bb077a2817eebf89b722b2a6819658326ccd1,1,500000000000000,81470000,152874,4975551,1743085853,0x0d9a13727f251543a9319d920e62c755f34aa46992b6ffe93be22611b16cc3e7,NewSale
0xe88dB9a8BBAFA33c219D71ca486Dbc2D6A9329Dd,78266,0xbc2d6E7c81E7f35473b3594031FCC4c519fD24Ad,1,0xc0ff18c40c0212333f9d5acfb459ce2ea0763f40,1,249900000000000,79509338,135778,4975563,1743085877,0xc18a511b7e30d4d06a1e60f479cc1e5a4e4a5b53babc43011414501acbe49f6e,NewSale
0xf81d024c76eb849e4Da0543A7780C260e1135ca7,78269,0xbc2d6E7c81E7f35473b3594031FCC4c519fD24Ad,0,0xcbd3ce16b0e2b32bdca9650bfcadbafe941c5bab,1,1000000000000000000,80380000,180543,4975570,1743085891,0x0d5e524ec114177d2aafd34eab8968fb55cb7fb328203b5577c4b0a6553b6306,NewSale
0xC0DEc165A5d6e6766Fbc35c977f89535899D0411,77663,0xbc2d6E7c81E7f35473b3594031FCC4c519fD24Ad,0,0x4092acf3ed8471ed969a103780991dcd5479e47b,1,249999950000000,79550000,159301,4975582,1743085915,0x322c5d6c32e787e0736b63cf3cfc0f2258258a68db5efd46bc2fb829c4d39808,NewSale
0xf81d024c76eb849e4Da0543A7780C260e1135ca7,78271,0xbc2d6E7c81E7f35473b3594031FCC4c519fD24Ad,0,0xcbd3ce16b0e2b32bdca9650bfcadbafe941c5bab,1,1000000000000000000,79550000,163443,4975594,1743085939,0x27b0f98fee544c16401d3df9fcdb850bd0b5968ac20730785c40ee5673d3d9ff,NewSale
0xf81d024c76eb849e4Da0543A7780C260e1135ca7,78274,0xbc2d6E7c81E7f35473b3594031FCC4c519fD24Ad,0,0xcbd3ce16b0e2b32bdca9650bfcadbafe941c5bab,1,1000000000000000000,79480000,158643,4975624,1743085999,0x5abf29e4be7ebd082e7dc20b78be3174063d24d6e5bc920971742d020360f683,NewSale
0x7043B26950DcD677c29fB20e6f4BBeF7FC13734d,77917,0xbc2d6E7c81E7f35473b3594031FCC4c519fD24Ad,0,0x4092acf3ed8471ed969a103780991dcd5479e47b,1,249999999000000,76260000,140590,4975630,1743086011,0x42022af71c2d43007b8057ff2747949d3be56f1b5e1329c5c892eacb3189b313,NewSale
0x07064128Ef444f07cDa9707764CFCf93eB2c1857,78273,0xbc2d6E7c81E7f35473b3594031FCC4c519fD24Ad,0,0x4a1a461beef5de7e44dc0c1d35bd04d7ff047997,1,239000000000000,149804623,140578,4975649,1743086049,0xc34ce6c09a0ce9c9d465c0aedc50d046fc3692868f1032c84e89326114b1f1ec,NewSale
0x8cDB213632C06DDB59381242FfFBD8e2c67Ce9a8,78272,0xbc2d6E7c81E7f35473b3594031FCC4c519fD24Ad,0,0x4a1a461beef5de7e44dc0c1d35bd04d7ff047997,1,248000000000000,148823586,135778,4975661,1743086073,0x090504692d1d56ce2592528e5052f47e8c93bdea0702b2e0de3d4a34af4a61db,NewSale
0x45d0619322B25F4ed6bB96f7C44903321e30Fb24,78270,0xbc2d6E7c81E7f35473b3594031FCC4c519fD24Ad,1,0x4a1a461beef5de7e44dc0c1d35bd04d7ff047997,1,249900000000000,147711171,152878,4975679,1743086109,0x31b06898ba6f3c7af9ff61bd661633d3a291a29518486600b7a44ea3fd50e42e,NewSale
0x07064128Ef444f07cDa9707764CFCf93eB2c1857,78281,0xbc2d6E7c81E7f35473b3594031FCC4c519fD24Ad,0,0x4a1a461beef5de7e44dc0c1d35bd04d7ff047997,1,241000000000000,147433663,140578,4975694,1743086139,0xe3b836f00d3c3e4a4acacca844a3b64eae644c22facf3cf8e4f8b5a247295b31,NewSale
0xCBd3CE16B0e2B32BDca9650bfcAdBAFE941C5baB,78286,0xbc2d6E7c81E7f35473b3594031FCC4c519fD24Ad,0,0xf81d024c76eb849e4da0543a7780c260e1135ca7,1,1000000000000000000,74470000,180543,4975702,1743086155,0xc43c7a7d847af95d3d7848d9fbdb2722a87ba71ccac731716400d02239a4aeb7,NewSale
0x07064128Ef444f07cDa9707764CFCf93eB2c1857,78287,0xbc2d6E7c81E7f35473b3594031FCC4c519fD24Ad,0,0x4a1a461beef5de7e44dc0c1d35bd04d7ff047997,1,200000000000000,144875441,140578,4975725,1743086201,0xee3b4ba05ebbb8ffffb8dbac4b66c15693e05b9c35caf374497ccf5115c4c98a,NewSale
0x2e205ebEa4B8e1d6Cdf8B808053780f76a0531Ca,78288,0xbc2d6E7c81E7f35473b3594031FCC4c519fD24Ad,1,0xa499490597d9b9a5fa2e478b5b9c07c83e97a199,1,16000000000000000000,74470000,180543,4975732,1743086215,0x41b64995ce6c12f1f726bd4f92d151f7497d32fe91ffa76d6ced90a6ff50a4a3,NewSale
0xD717556A0b29C557AEeDaCe8EAaCaB2fDa53E486,78276,0xbc2d6E7c81E7f35473b3594031FCC4c519fD24Ad,1,0x4a1a461beef5de7e44dc0c1d35bd04d7ff047997,1,249900000000000,143156601,135778,4975741,1743086233,0xdd402ddc163349b8e9a85acd0f8b2e195ec2ceb257382c622828f7b08b3210ee,NewSale
0x9b6b635aBA12D2Fc027B8Dc5DAE791aFe4e56250,78284,0xbc2d6E7c81E7f35473b3594031FCC4c519fD24Ad,1,0x4a1a461beef5de7e44dc0c1d35bd04d7ff047997,1,249900000000000,141147052,135778,4975755,1743086261,0x164a62f2644712f8f84b677af674efe7a0bbcf90aaf6f460ad040a8a705680ae,NewSale
0xd087C11D6C20431CC89909AdF70F08D3BEe0C548,78227,0xdc0F91C5a4D200FfC21658901c77c0fE1A14d199,0,0xb0406656690df470646859e4792004b4c7b925c0,1,500000000000000,74230000,145383,4975763,1743086277,0x66c6816c8d36d235d3f87a4b8536767d5b40b98839aef01df532642d509a95fe,NewSale
0xA09CF08863084DdA43BFfc9B2bFeff0F8312aF0C,78296,0xbc2d6E7c81E7f35473b3594031FCC4c519fD24Ad,1,0x64f7c019021ac74a68d90d08491ca43b2a632e71,1,522000000000000,133232303,172043,4975853,1743086457,0xd10e9dc0d6104d5ad8ade9da994e7ae941a715ae30c30f2edb7fd5362b8da144,NewSale
0xCBd3CE16B0e2B32BDca9650bfcAdBAFE941C5baB,78298,0xbc2d6E7c81E7f35473b3594031FCC4c519fD24Ad,0,0xf81d024c76eb849e4da0543a7780c260e1135ca7,1,1000000000000000000,67160000,163443,4975863,1743086477,0x67cc624131aa65f88cf140b5bf654da7df24711e995e364fac88aa997a5c03c2,NewSale
0xC0DEc165A5d6e6766Fbc35c977f89535899D0411,77663,0xbc2d6E7c81E7f35473b3594031FCC4c519fD24Ad,0,0x1fec150537c32ed7771a75b734a2a05c8698c93f,1,249999950000000,131571912,142201,4975874,1743086499,0xdd3e612f6ace2f0ee99ebbd82217d59c61251954c5adc21d454139e32f7efca4,NewSale
0xC0DEc165A5d6e6766Fbc35c977f89535899D0411,77663,0xbc2d6E7c81E7f35473b3594031FCC4c519fD24Ad,0,0x1fec150537c32ed7771a75b734a2a05c8698c93f,1,249999950000000,127165188,142201,4975934,1743086619,0xf68f2430d01fb002a48f61ee2c6ebb3fe08f988214f082eb98f75db9c9b053a4,NewSale
0xCBd3CE16B0e2B32BDca9650bfcAdBAFE941C5baB,78306,0xbc2d6E7c81E7f35473b3594031FCC4c519fD24Ad,0,0xf81d024c76eb849e4da0543a7780c260e1135ca7,1,1000000000000000000,64420000,158643,4975934,1743086619,0x3521e0c18a34c565b3037ffcaa19f1b82edcfedb0bdf7cda2a761469c910958a,NewSale
0x4092aCF3Ed8471eD969a103780991DCd5479e47B,78293,0xbc2d6E7c81E7f35473b3594031FCC4c519fD24Ad,1,0x26d2a1cb14d86bfb926df82238741f703c220aee,1,240000000000000,125035273,157666,4975956,1743086663,0x03421e6b79af245faec0d94ef44df6cadc8d49ab0b407381c02535d738c5f590,NewSale
0xf81d024c76eb849e4Da0543A7780C260e1135ca7,78309,0xbc2d6E7c81E7f35473b3594031FCC4c519fD24Ad,0,0xcbd3ce16b0e2b32bdca9650bfcadbafe941c5bab,1,1000000000000000000,66540000,180543,4975974,1743086699,0x30b333407116f46d3fcc634da2c471ae1275fdb5d2a31e3dd75af0785d5303c6,NewSale
0xC0DEc165A5d6e6766Fbc35c977f89535899D0411,77663,0xbc2d6E7c81E7f35473b3594031FCC4c519fD24Ad,0,0x1fec150537c32ed7771a75b734a2a05c8698c93f,1,249999950000000,122535663,142201,4975987,1743086725,0x2213c7a2b3d912713905ad1834f689a6bb423120800d350ad83123537f374146,NewSale
0xf81d024c76eb849e4Da0543A7780C260e1135ca7,78311,0xbc2d6E7c81E7f35473b3594031FCC4c519fD24Ad,0,0xcbd3ce16b0e2b32bdca9650bfcadbafe941c5bab,1,1000000000000000000,62530000,158643,4975996,1743086743,0x783d783641d80702034a98d717dc28f52b691116b47247bd272054fefa735132,NewSale
0xC0DEc165A5d6e6766Fbc35c977f89535899D0411,77663,0xbc2d6E7c81E7f35473b3594031FCC4c519fD24Ad,0,0x1fec150537c32ed7771a75b734a2a05c8698c93f,1,249999950000000,119762153,142201,4976030,1743086811,0xe3d10491b723c97adfb0717e49917d10dfd42efcd3200ac0e9f606baef277da0,NewSale
0xf81d024c76eb849e4Da0543A7780C260e1135ca7,78313,0xbc2d6E7c81E7f35473b3594031FCC4c519fD24Ad,0,0xcbd3ce16b0e2b32bdca9650bfcadbafe941c5bab,1,1000000000000000000,61250000,158643,4976030,1743086811,0x7645ac129d532e33c070d58101887af3f04e23709bca3cdc74df6f6fb19ef482,NewSale
0x4092aCF3Ed8471eD969a103780991DCd5479e47B,78301,0xbc2d6E7c81E7f35473b3594031FCC4c519fD24Ad,0,0xb050ef4000b382f65b4f44612b37f03ff647c44d,1,240000000000000,58337994,157654,4976060,1743086871,0x66584c77578cd61208e091dd1b3c62e9e4d817dd56529c071c226ea2ae1498b9,NewSale
0xCBd3CE16B0e2B32BDca9650bfcAdBAFE941C5baB,78317,0xbc2d6E7c81E7f35473b3594031FCC4c519fD24Ad,0,0xf81d024c76eb849e4da0543a7780c260e1135ca7,1,1000000000000000000,58090000,180543,4976078,1743086907,0x49cdc8e7742bfb4b6ab35be2795cb5420c9b2bb6e791b8471fc294d00d735545,NewSale
0x4092aCF3Ed8471eD969a103780991DCd5479e47B,78290,0xbc2d6E7c81E7f35473b3594031FCC4c519fD24Ad,0,0xb533153fce970075a830ea12251fc602448f851b,1,240000000000000,57446220,135754,4976085,1743086921,0xfa0fcbcf7fd7ce0489e33ac6c6cda8b4bb1f95fb2f5cd780c606d1e11bf3b7d5,NewSale
0x4cfc2735027379e29443c1E0b8870f2B862F9430,78294,0xdc0F91C5a4D200FfC21658901c77c0fE1A14d199,0,0x6296a491c9356b13a392a892c0ed44a6b39fe7cb,1,500000000000000,57670000,162483,4976120,1743086991,0x03430260228e5048ae34d1757dc8f4be3794ae7336682228c90a310eb5fa70e5,NewSale
0xbAa9672503be4067CCc6eBB08BEe52af3e0b3b4C,76144,0x2Bf46D4497e98FbA2304B0d2453922FFf559Ea02,83,0xb533153fce970075a830ea12251fc602448f851b,1,599900000000000,55892116,164771,4976132,1743087015,0xadb9626ea7685f16eaaef0d0f1f47bc1675dda4b5c2fde331f9c37c587694700,NewSale
0xCBd3CE16B0e2B32BDca9650bfcAdBAFE941C5baB,78320,0xbc2d6E7c81E7f35473b3594031FCC4c519fD24Ad,0,0xf81d024c76eb849e4da0543a7780c260e1135ca7,1,100000000000000000,56250000,163443,4976133,1743087017,0x7987f706ec3ae6428cf342737ea453d9706b24389eb2f92db2dbc8fa2117ba39,NewSale
0x64f7C019021aC74A68D90D08491Ca43b2a632E71,78315,0xbc2d6E7c81E7f35473b3594031FCC4c519fD24Ad,1,0x529f71b8285ecbabf59359e9284e98ad05e683e7,1,15300000000000000000,110439535,178454,4976144,1743087039,0xd2c00999519382f18b9d494b89aa47ecff58474ca00abb62c047ae34a5187cca,NewSale
0xCBd3CE16B0e2B32BDca9650bfcAdBAFE941C5baB,78323,0xbc2d6E7c81E7f35473b3594031FCC4c519fD24Ad,0,0xf81d024c76eb849e4da0543a7780c260e1135ca7,1,100000000000000000,55710000,158643,4976160,1743087071,0x455f96877075d3328fdac8228267f2587f7946f11ed029bf4045ff66b2b73fbc,NewSale
0x64f7C019021aC74A68D90D08491Ca43b2a632E71,78315,0xbc2d6E7c81E7f35473b3594031FCC4c519fD24Ad,1,0x529f71b8285ecbabf59359e9284e98ad05e683e7,1,15300000000000000000,109193582,161354,4976164,1743087079,0x257b65973bd4cc229e3dc289b2fcae927e01a49d81bc582e61ff437f3bbc644c,NewSale
0x64f7C019021aC74A68D90D08491Ca43b2a632E71,78315,0xbc2d6E7c81E7f35473b3594031FCC4c519fD24Ad,1,0x529f71b8285ecbabf59359e9284e98ad05e683e7,1,15300000000000000000,107959721,161354,4976184,1743087119,0x1187c6aee00adaa48263995597420832fbdc0238b98e2765fc8f9ba29dd9bd42,NewSale
0xC0DEc165A5d6e6766Fbc35c977f89535899D0411,74893,0xbc2d6E7c81E7f35473b3594031FCC4c519fD24Ad,0,0x820d05ce4ea7a2a63d20b8e6de93e1572100d656,1,249999990000000,55170000,142189,4976192,1743087135,0x99a5f11e2da4496693d0f4483b7f5e0f27cf5b010cc2dda979de9facb15230b2,NewSale
0xf81d024c76eb849e4Da0543A7780C260e1135ca7,78328,0xbc2d6E7c81E7f35473b3594031FCC4c519fD24Ad,0,0xcbd3ce16b0e2b32bdca9650bfcadbafe941c5bab,1,100000000000000000,54730000,180543,4976202,1743087155,0xec7ef4719cb7b840c51cb2cef18332aaae0025d431af82ebf197a4ecadd1d153,NewSale
0x64f7C019021aC74A68D90D08491Ca43b2a632E71,78315,0xbc2d6E7c81E7f35473b3594031FCC4c519fD24Ad,1,0x529f71b8285ecbabf59359e9284e98ad05e683e7,1,15300000000000000000,54375593,161354,4976204,1743087159,0x208de72a9581791eb503a30e72e2c1537367c741aca76cb12498e2814e1bc73c,NewSale
0x77B64511de56Ef10ccC3C256dfecD3951c8D4D3C,76655,0xdc0F91C5a4D200FfC21658901c77c0fE1A14d199,0,0x88bf17fcaa40f709365e0e9fcd6d6fcfb9be600c,1,640000000000000,53985632,145371,4976210,1743087171,0x49fbd2cc36ec4dbaefee2fbd0db4347333c354c8a19f67e5042e527197ce9e19,NewSale
0xA617CfC83A34cF653d6c248b4d57ff9d2A3fc999,78318,0xbc2d6E7c81E7f35473b3594031FCC4c519fD24Ad,0,0xb533153fce970075a830ea12251fc602448f851b,1,210000000000000,53773341,140566,4976220,1743087191,0x55de2baeaa8f8241c0eaef5897a24179c30496a1cdd84f0b3ee779d88097b8be,NewSale
0x64f7C019021aC74A68D90D08491Ca43b2a632E71,78315,0xbc2d6E7c81E7f35473b3594031FCC4c519fD24Ad,1,0x529f71b8285ecbabf59359e9284e98ad05e683e7,1,15300000000000000000,106501611,161354,4976225,1743087201,0x51a074a51f42ae3996687aa92fa416abfe52542d87c4109fe6cdfdf878261f97,NewSale
0xf81d024c76eb849e4Da0543A7780C260e1135ca7,78330,0xbc2d6E7c81E7f35473b3594031FCC4c519fD24Ad,0,0xcbd3ce16b0e2b32bdca9650bfcadbafe941c5bab,1,100000000000000000,54360000,163443,4976228,1743087207,0x0287fcb1068837c807ef103008d2c93abb026fe6ba947cde09e90684636421c6,NewSale
0xB050ef4000b382f65b4F44612B37f03FF647c44d,78329,0xbc2d6E7c81E7f35473b3594031FCC4c519fD24Ad,0,0xb533153fce970075a830ea12251fc602448f851b,1,200000000000000,53446277,135766,4976235,1743087221,0xa80f5c6822337ad04d833b913df21a3dea23368ca33adbdf5b1243d9db5aad41,NewSale
0x64f7C019021aC74A68D90D08491Ca43b2a632E71,78315,0xbc2d6E7c81E7f35473b3594031FCC4c519fD24Ad,1,0x529f71b8285ecbabf59359e9284e98ad05e683e7,1,15300000000000000000,53598303,161354,4976247,1743087245,0xc4a0b89892623f01fdb9dea73cdb49c3a15ab5494f2dde0ee87975c7151788dd,NewSale
0xA617CfC83A34cF653d6c248b4d57ff9d2A3fc999,78319,0xbc2d6E7c81E7f35473b3594031FCC4c519fD24Ad,0,0xb533153fce970075a830ea12251fc602448f851b,1,210000000000000,53112890,140566,4976251,1743087253,0x927280a6e94838c137eb1ae020ffa2cd7138700293171efd87b0d7964137082b,NewSale
0xf81d024c76eb849e4Da0543A7780C260e1135ca7,78332,0xbc2d6E7c81E7f35473b3594031FCC4c519fD24Ad,0,0xcbd3ce16b0e2b32bdca9650bfcadbafe941c5bab,1,100000000000000000,53960000,158643,4976253,1743087257,0x636f2f081c3d82cdcd229399021d7cf9175eec591b97d14682dd5ecb49bf414c,NewSale
0xA617CfC83A34cF653d6c248b4d57ff9d2A3fc999,78321,0xbc2d6E7c81E7f35473b3594031FCC4c519fD24Ad,0,0xb533153fce970075a830ea12251fc602448f851b,1,210000000000000,52706788,135766,4976267,1743087285,0xeba1165f4c31583575bf4f9794263a73084259cc19e2258b200a8a5ab8d05e6a,NewSale
0x4092aCF3Ed8471eD969a103780991DCd5479e47B,78292,0xbc2d6E7c81E7f35473b3594031FCC4c519fD24Ad,1,0x26d2a1cb14d86bfb926df82238741f703c220aee,1,240000000000000,104113950,135766,4976275,1743087301,0x7122c4b039086f632ccfa1c6d743fb21f8eb9804dc93d980e473e1892a70ce37,NewSale
0x7fAb7299CCCa55C585DD9C3A535B371aC5FfCF99,78295,0xbc2d6E7c81E7f35473b3594031FCC4c519fD24Ad,0,0xb533153fce970075a830ea12251fc602448f851b,1,249000000000000,52484327,135766,4976298,1743087347,0x7d55d5ef42e57fc854d07f081a6149477ecc896a23bb574de0458b05ce24508b,NewSale
0x9eb0191a4476bFb9308456C72C8FC5844CED2324,78291,0xbc2d6E7c81E7f35473b3594031FCC4c519fD24Ad,1,0xb533153fce970075a830ea12251fc602448f851b,1,249900000000000,52209667,135766,4976313,1743087377,0x632530dc35877b4b626c6b3ac2a4ee0e3b47f9330230186255878819e906ec5b,NewSale
0x93134b293Ccc3Db3B5A70ec7eB2B4e780F8f94e9,78299,0xbc2d6E7c81E7f35473b3594031FCC4c519fD24Ad,1,0xb533153fce970075a830ea12251fc602448f851b,1,249900000000000,52087332,135766,4976329,1743087409,0xc08db0524633de992244c2d8b65236f846a340187ea5fb4e8951977d077efed0,NewSale
0xC0DEc165A5d6e6766Fbc35c977f89535899D0411,77663,0xbc2d6E7c81E7f35473b3594031FCC4c519fD24Ad,0,0xb533153fce970075a830ea12251fc602448f851b,1,249999950000000,51634271,142189,4976344,1743087439,0x13e6c3aeb2226c70a4a33c74fed6542a2c8df24fd6259d632b1a66cd105e2db7,NewSale
0xCBd3CE16B0e2B32BDca9650bfcAdBAFE941C5baB,78337,0xbc2d6E7c81E7f35473b3594031FCC4c519fD24Ad,0,0xf81d024c76eb849e4da0543a7780c260e1135ca7,1,100000000000000000,51690000,180543,4976357,1743087465,0xc6962b8c5beb184553648d0c221f2cbb4ade845a8b396b4640075f0cf705643e,NewSale
0xCBd3CE16B0e2B32BDca9650bfcAdBAFE941C5baB,78339,0xbc2d6E7c81E7f35473b3594031FCC4c519fD24Ad,0,0xf81d024c76eb849e4da0543a7780c260e1135ca7,1,100000000000000000,50870000,163443,4976380,1743087511,0xc797e9feafa6c60c7150d634935185ba260dc63974de0068e3991593b4b24fa7,NewSale
0xCBd3CE16B0e2B32BDca9650bfcAdBAFE941C5baB,78342,0xbc2d6E7c81E7f35473b3594031FCC4c519fD24Ad,0,0xf81d024c76eb849e4da0543a7780c260e1135ca7,1,100000000000000000,50400000,158643,4976406,1743087563,0x54b7dd982dd33f0ac012e97f4b2a347e7eaf2fbaf8e9570782ea5b902c9e98d6,NewSale
0xC0DEc165A5d6e6766Fbc35c977f89535899D0411,77663,0xbc2d6E7c81E7f35473b3594031FCC4c519fD24Ad,0,0x76bf269a56367542ef72a727bf583dc6d601ed91,1,249999950000000,99282639,159301,4976441,1743087633,0xf44911c425dd3057f3b5bf4e07525245947f9c464108e5a0d56ae03f48544751,NewSale
0xf81d024c76eb849e4Da0543A7780C260e1135ca7,78348,0xbc2d6E7c81E7f35473b3594031FCC4c519fD24Ad,0,0xcbd3ce16b0e2b32bdca9650bfcadbafe941c5bab,1,100000000000000000,50410000,180543,4976453,1743087657,0x4567e3d0df1677118d49d70d3078b9a6f35bf62ff175f81002dbd28be2693caf,NewSale
0x954355Ff52AceB6583a859435DbB17De993c59CC,78333,0xdc0F91C5a4D200FfC21658901c77c0fE1A14d199,0,0xc8d0dbb2ef4938896f19b7af02dc617841e3539d,1,500000000000000,49450262,167283,4976458,1743087667,0xaf45b180f4cb1a71103064bb24da331dc1642ad3dc40af9ec1236a7ee410813d,NewSale
0xC0DEc165A5d6e6766Fbc35c977f89535899D0411,77662,0xbc2d6E7c81E7f35473b3594031FCC4c519fD24Ad,0,0x76bf269a56367542ef72a727bf583dc6d601ed91,1,249999960000000,97596347,142189,4976473,1743087697,0x29599241b9163acca9d00054d609bab4c332933a61f3f483d73e2ec10a88a1d5,NewSale
0xf81d024c76eb849e4Da0543A7780C260e1135ca7,78352,0xbc2d6E7c81E7f35473b3594031FCC4c519fD24Ad,0,0xcbd3ce16b0e2b32bdca9650bfcadbafe941c5bab,1,100000000000000000,49900000,163443,4976476,1743087703,0x71d3a0588b87a5bb2a1ee5d802edc8350d5935d73a4703c41b988fb4dfcfacbf,NewSale
0xC0DEc165A5d6e6766Fbc35c977f89535899D0411,77661,0xbc2d6E7c81E7f35473b3594031FCC4c519fD24Ad,0,0x26d2a1cb14d86bfb926df82238741f703c220aee,1,249999970000000,97506427,142201,4976481,1743087713,0x93fd3a8438c7dbc6362fc4ba13750f665e91558032d6d00101ed317539cc83d0,NewSale
0xf81d024c76eb849e4Da0543A7780C260e1135ca7,78353,0xbc2d6E7c81E7f35473b3594031FCC4c519fD24Ad,0,0xcbd3ce16b0e2b32bdca9650bfcadbafe941c5bab,1,100000000000000000,49480000,158643,4976501,1743087753,0xc015b19ceb1ffda834ca711ba75e27b907e1680dac832268f9be7f5ee84443c5,NewSale
0x8a16efa04b8E7bc25e35ffc8B1349Ef4e300E36d,78349,0xbc2d6E7c81E7f35473b3594031FCC4c519fD24Ad,1,0x602c27a7c09ed4278556c332ccc6467d35821058,1,249900000000000,49280000,152878,4976509,1743087769,0xdfe4c96cd66a36b74cf9525292d32943234df9a32b19a7842c9fbe01502444b9,NewSale
0x63E7D60eaF797A215FC0186BB7f69538FD55383D,78341,0xbc2d6E7c81E7f35473b3594031FCC4c519fD24Ad,1,0x26d2a1cb14d86bfb926df82238741f703c220aee,1,249900000000000,96180685,135778,4976512,1743087775,0x873d18f3d859ff1847a0879371e32f96ae996b0c306f4d1801efa675687d0bb3,NewSale
0xCBd3CE16B0e2B32BDca9650bfcAdBAFE941C5baB,78359,0xbc2d6E7c81E7f35473b3594031FCC4c519fD24Ad,0,0xf81d024c76eb849e4da0543a7780c260e1135ca7,1,100000000000000000,48940000,180543,4976548,1743087847,0xdf31ff96139f36339b00ba592444707fb19ca071a2329f446064dfe79ac4f6df,NewSale
0x1Eb18844ab577B5ad6FF35D1B6412839a4dCdf31,77868,0xbc2d6E7c81E7f35473b3594031FCC4c519fD24Ad,0,0xdc6a0277538ba38af80e0118f8ea999390f91f62,1,250000000000000,96310987,140578,4976563,1743087877,0xae252fac4a55252c23659404151a68af4db730c6e8b0fb5edf7610087d9db827,NewSale
0xCBd3CE16B0e2B32BDca9650bfcAdBAFE941C5baB,78362,0xbc2d6E7c81E7f35473b3594031FCC4c519fD24Ad,0,0xf81d024c76eb849e4da0543a7780c260e1135ca7,1,100000000000000000,49040000,163443,4976571,1743087893,0xc7f83e6c8ebd0887f249bb2b3b56c7e45380fe3565ea6652b26dbfec4482f271,NewSale
0xC0DEc165A5d6e6766Fbc35c977f89535899D0411,77663,0xbc2d6E7c81E7f35473b3594031FCC4c519fD24Ad,0,0x76bf269a56367542ef72a727bf583dc6d601ed91,1,249999950000000,95904457,142201,4976587,1743087925,0xb75c9043f7889c6e64994acb029cbc7d1710c8c670b2b6fbdd50b7340b44790a,NewSale
0xC0DEc165A5d6e6766Fbc35c977f89535899D0411,77663,0xbc2d6E7c81E7f35473b3594031FCC4c519fD24Ad,0,0x26d2a1cb14d86bfb926df82238741f703c220aee,1,249999950000000,95818697,142201,4976591,1743087933,0x7d333c0ef0cef34ad0a43ed2ecc25eff420f754f5afd74ebec09785e3ba18398,NewSale
0xCBd3CE16B0e2B32BDca9650bfcAdBAFE941C5baB,78365,0xbc2d6E7c81E7f35473b3594031FCC4c519fD24Ad,0,0xf81d024c76eb849e4da0543a7780c260e1135ca7,1,100000000000000000,48590000,158643,4976598,1743087947,0x27546952ad3399b66e7e68de526308052855e14a0975a67d84d138eb004b3b38,NewSale
0x79f11d9b249e4869b5b89eB9dcf318eEF0561D12,78364,0xbc2d6E7c81E7f35473b3594031FCC4c519fD24Ad,1,0x76bf269a56367542ef72a727bf583dc6d601ed91,1,249900000000000,95202211,152878,4976607,1743087965,0x71e5aa49e591eecc608e20b7ab57a16ea0962c787a43b8812595da1546cf4ec8,NewSale
0x64f7C019021aC74A68D90D08491Ca43b2a632E71,78357,0xbc2d6E7c81E7f35473b3594031FCC4c519fD24Ad,1,0x529f71b8285ecbabf59359e9284e98ad05e683e7,1,18000000000000000000,94961538,161354,4976608,1743087967,0xa0a19e5c867cee1ab44f4cad5419dbc5e3168bd68d79fc00cb30c2f96f1b21e5,NewSale
0x7055F353dfd4F93d765201dAF2a57d3DD9071351,78354,0xbc2d6E7c81E7f35473b3594031FCC4c519fD24Ad,1,0x26d2a1cb14d86bfb926df82238741f703c220aee,1,249900000000000,95004495,135778,4976611,1743087973,0xe367cf87200be058a8eca45327f9267269afb5e81f8a8404cf206121d22587a9,NewSale
0x76bF269a56367542EF72A727bF583DC6d601eD91,78361,0xbc2d6E7c81E7f35473b3594031FCC4c519fD24Ad,0,0xdc6a0277538ba38af80e0118f8ea999390f91f62,1,200000000000000,94989234,140578,4976618,1743087987,0x5dd56beff633b913f7d1e4b79aefa6137af26576e9756199432631b683765658,NewSale
0xC0DEc165A5d6e6766Fbc35c977f89535899D0411,74893,0xbc2d6E7c81E7f35473b3594031FCC4c519fD24Ad,0,0x76bf269a56367542ef72a727bf583dc6d601ed91,1,249999990000000,94413958,142201,4976624,1743087999,0x744c9b393024238476dceee13aba77e5eb33722248b606903d942a4286a318e1,NewSale
0x64f7C019021aC74A68D90D08491Ca43b2a632E71,78357,0xbc2d6E7c81E7f35473b3594031FCC4c519fD24Ad,1,0x529f71b8285ecbabf59359e9284e98ad05e683e7,1,18000000000000000000,93949661,161354,4976628,1743088007,0xa648f78f3bd28f5fcfafdca1f03998ca40d44aeaced329ca1b0a04aa8c46a057,NewSale
0x64f7C019021aC74A68D90D08491Ca43b2a632E71,78357,0xbc2d6E7c81E7f35473b3594031FCC4c519fD24Ad,1,0x529f71b8285ecbabf59359e9284e98ad05e683e7,1,18000000000000000000,92738890,159743,4976649,1743088049,0xb5b9f00b463bb8ae91bfb4d548af89d05924584796aed2069f44f90de2875379,NewSale
0x20FF49293d772efDc8639341F7e868859C187B9d,75541,0xbc2d6E7c81E7f35473b3594031FCC4c519fD24Ad,1,0xdc6a0277538ba38af80e0118f8ea999390f91f62,1,290000000000000,91825765,157690,4976686,1743088123,0x107316275c03f6339ecbf0231a09e919eed1c0d3c5c11b6b3b7e435aee55d86f,NewSale
0x76bF269a56367542EF72A727bF583DC6d601eD91,78358,0xbc2d6E7c81E7f35473b3594031FCC4c519fD24Ad,0,0x4f9c0b07a811650a844f11f608b6acaf69ab9a0f,1,240000000000000,46790000,157666,4976696,1743088143,0x3545b1d4c109a539bf56d82bf2f6e01645514566b6b1a1a3550a77bad853dbe8,NewSale
0x32d9403b85f8079eb87C93854d0c33E5A201142f,78367,0xbc2d6E7c81E7f35473b3594031FCC4c519fD24Ad,1,0x4092acf3ed8471ed969a103780991dcd5479e47b,1,249900000000000,46440000,152878,4976699,1743088149,0x9ddc8f860221b1d6afe7f0c378088eb9e1f055cefed5ba81f543766431269b47,NewSale
0x22df0A7eEa9dFCE16a20cf8a45692778a2fb81be,78369,0xbc2d6E7c81E7f35473b3594031FCC4c519fD24Ad,1,0xdc6a0277538ba38af80e0118f8ea999390f91f62,1,249900000000000,90559060,135778,4976747,1743088245,0xea9e1346ae61a2489c8d1f22a4b540f1ba66ec9ea3631d0d68446ce794429b70,NewSale
0x76bF269a56367542EF72A727bF583DC6d601eD91,78370,0xbc2d6E7c81E7f35473b3594031FCC4c519fD24Ad,0,0x75283f6c9478c1a2ca7938e36950c48a891f01e6,1,260000000000000,45800000,140578,4976779,1743088309,0x7584d1a6604e4ce166893a01fdf8f5211cc83813460b7bc66b8418b1a3fabb69,NewSale
0x64f7C019021aC74A68D90D08491Ca43b2a632E71,78382,0xbc2d6E7c81E7f35473b3594031FCC4c519fD24Ad,1,0x529f71b8285ecbabf59359e9284e98ad05e683e7,1,16000000000000000000,44347291,161354,4976796,1743088343,0x9ec09944ca94c70457971670718fe825754a32761b9e63d75e29c470cf16a6b4,NewSale
0xf20449dEfa821Dd7BAcb56Ac0dBa95Ca063a0130,77927,0xbc2d6E7c81E7f35473b3594031FCC4c519fD24Ad,1,0xdc6a0277538ba38af80e0118f8ea999390f91f62,1,250000000000000,44260623,140578,4976804,1743088359,0x9c74d12ac019e829e82c43f43371220e3348c3e2b35b73a9cfc816f51750657c,NewSale
0x64f7C019021aC74A68D90D08491Ca43b2a632E71,78382,0xbc2d6E7c81E7f35473b3594031FCC4c519fD24Ad,1,0x529f71b8285ecbabf59359e9284e98ad05e683e7,1,16000000000000000000,44055598,161354,4976816,1743088383,0xd29c849048aac7624f8b01d03acbf366d718f66b466501ce698fc05846e42824,NewSale
0x64f7C019021aC74A68D90D08491Ca43b2a632E71,78382,0xbc2d6E7c81E7f35473b3594031FCC4c519fD24Ad,1,0x529f71b8285ecbabf59359e9284e98ad05e683e7,1,16000000000000000000,44020869,161354,4976837,1743088425,0x648ee82add40683a7d2a1a4a3d648dbdb394c220fafa701fafa176c35d1cc169,NewSale
0x64f7C019021aC74A68D90D08491Ca43b2a632E71,78382,0xbc2d6E7c81E7f35473b3594031FCC4c519fD24Ad,1,0x529f71b8285ecbabf59359e9284e98ad05e683e7,1,16000000000000000000,45097520,161354,4976857,1743088465,0x967e2a774486c4b457596c3cfccf5643dd566b9611828ffbe5da5a9d050916f2,NewSale
